2834 4608
706 201 726 266 5

173 406 279 470 usque
309 385 350 450 ad
382 385 496 451 tertiae
526 384 656 449 decadis
689 384 786 450 finem
817 404 891 447 cum
911 383 1104 469 Polybianis
1133 403 1293 490 compa
1299 353 1321 397 o

172 494 276 560 rande
296 498 371 559 sunt
393 493 594 578 fragmentis,
624 514 727 579 pauca
757 497 971 579 praemonim
988 491 1256 568 videntur

171 603 376 688 rationeque
396 600 577 712 particulae
598 599 674 666 illae
697 600 856 666 abscissae
879 623 917 665 ac
936 589 983 665 m
1074 648 1080 660 .
1145 600 1260 696 Ἣωιι

171 713 250 776 tilae
279 720 514 796 truncataeque
547 709 672 774 servari
692 711 932 796 potuerint·-
963 625 1129 798 Atque
1093 713 1179 778 inter
1199 711 1261 778 tria

176 820 309 906 quidem
323 822 594 904 ¹fragmentorum
604 825 728 902 genera
746 818 1014 904 distinguendum
1028 819 1169 888 videtur.
1191 821 1261 888 Pri-

173 951 263 995 mum
284 949 396 994 eorum
416 939 473 1008 est,
488 950 580 1013 quae
602 927 715 992 codice
738 927 898 994 Urbinate
920 911 1155 1017 comprehensa
1174 931 1261 1018 typis

173 1038 315 1128 primum
338 1039 486 1124 evolg'ata
505 1047 580 1102 sunt
598 1037 774 1102 anhanne
797 1037 965 1122 Hervagio
978 1037 1261 1125 Basileae15491).

175 1147 274 1232 Quod
296 1170 413 1234 genus,
442 1148 604 1233 incertum
637 1169 700 1232 quo
731 1147 943 1235 compilatore
979 1170 1084 1234 quove
1113 1159 1261 1237 tempore

154 1259 361 1344 ‘confectum
377 1267 507 1346 practer
525 1257 683 1322 inaiorem
705 1267 829 1346 partem
846 1257 1029 1324 libri'sexti
1050 1259 1262 1346 insignesque

174 1367 380 1456 sequentium
397 1366 550 1434 undecim
569 1367 726 1432 librorum
748 1368 922 1453 particulas
944 1367 1099 1434 etiamen
1118 1369 1261 1454 quinque

173 1477 339 1567 prioribus
359 1477 478 1560 Polybi
506 1477 598 1542 libris
629 1478 772 1543 continet
793 1487 949 1564 excerpta
960 1478 997 1562 ²).
1051 1480 1164 1566 Atque
1187 1501 1261 1544 eum

175 1587 308 1672 quidem
331 1586 576 1674 compilatorem
598 1609 721 1652 summa
744 1609 817 1652 cum
840 1586 1011 1670 diligentia
1032 1586 1077 1652 ita
1098 1597 1133 1652 ut
1155 1608 1261 1672 neque

178 1695 354 1784 quidquam
376 1695 547 1777 omitteret,
569 1715 677 1779 neque
701 1694 741 1759 de
763 1717 821 1760 suo
852 1694 989 1760 adderet
1020 1696 1061 1762 cd
1090 1696 1190 1762 fidem
1213 1719 1262 1762 er·

174 1805 311 1893 cbetypi
333 1804 490 1890 epitomas
512 1827 591 1890 quas
612 1804 756 1892 appellat
777 1814 929 1871 axarasee
951 1805 1097 1893 priorum
1120 1806 1263 1890 quinque

174 1915 339 1982 librorum
373 1923 528 2001 excerpta
557 1936 630 1978 cum
658 1912 796 1997 integris
826 1912 919 1980 libris
948 1916 1134 2002 comparata
1156 1925 1264 1980 oeten·

176 2023 266 2090 dunt.
320 2023 475 2091 Alterum
513 2033 562 2087 est
600 2043 703 2107 genus
733 2020 991 2108 Polybianorum
1023 2034 1263 2112 excerptorum,

176 2133 264 2220 quod
287 2130 490 2198 Constantini
506 2131 815 2219 Porphyrogenneti
836 2131 991 2197 debemus
1015 2131 1173 2199 instituto.
1197 2132 1263 2214 Qui

174 2243 209 2308 in
231 2251 330 2329 opere
351 2242 607 2331 ,,κεφαλαιωὸῶν
630 2236 828 2306 ὑποθέσεων
846 2239 957 2324 βίβλια
977 2243 1035 2327 νγ”
1056 2241 1260 2309 Graecorum

176 2351 409 2418 historicorum
426 2353 603 2438 particulas
615 2351 802 2418 utilissimas
816 2373 958 2439 quasque
980 2351 1180 2438 cognituque
1192 2353 1263 2438 dig-

175 2460 325 2526 nissimas
343 2481 402 2548 per
415 2461 497 2528 LIII
513 2461 622 2525 titulos
632 2462 675 2526 ita
699 2461 823 2526 curavit
837 2459 1042 2544 digerendae,
1065 2472 1101 2526 ut
1123 2485 1161 2528 ea
1183 2483 1264 2547 quae
1300 2449 1302 2456 ¹

181 2569 242 2636 sub
257 2593 357 2636 unum
373 2570 537 2658 generalis
550 2567 716 2636 cuiusdam
727 2593 858 2636 normae
880 2580 1091 2658 conspectum
1112 2570 1266 2636 caderent

179 2689 337 2766 excerpta
352 2679 718 2764 singulisvoluminibus
730 2679 1083 2766 comprehenderentur
1093 2682 1131 2764 ³).
1177 2681 1264 2764 Quo·

177 2811 251 2855 rum
284 2787 453 2854 titulorum
485 2788 628 2875 quinque
650 2788 800 2873 omnino,·
828 2787 975 2872 quamvis
1002 2811 1044 2854 ne
1079 2791 1109 2854 ei
1134 2771 1281 2875 quidem·

175 2895 298 2980 integri
326 2897 367 2962 ad
395 2895 539 2964 nostram
571 2908 710 2964 aetatem
741 2908 972 2985 pervenerunt.
1015 2897 1110 2968 Unus
1133 2897 1265 2985 ἐκλογὰς

176 3004 257 3090 περὶ
276 3003 446 3090 πρέσβεων
468 3008 639 3072 continens
661 3006 859 3095 Antverpiae
880 3031 898 3071 a
919 3007 1038 3074 Fulvio
1055 3005 1178 3076 Ursino
1202 3008 1267 3096 pri·

173 3137 265 3181 mum
285 3115 390 3180 editus
414 3126 463 3180 est
487 3115 577 3182 1582.
620 3115 772 3180 Alterum
795 3125 951 3203 excerpta
973 3107 1192 3204 περὺοῖρετῆς
1211 3115 1265 3184 καὶ

144 3228 156 3298 ,ὅ
176 3223 289 3302 κακίας
310 3225 581 3312 complectentem
612 3224 735 3313 primus
758 3224 801 3290 H.
823 3223 975 3290 Valesius
1002 3223 1036 3290 in
1057 3224 1165 3292 lucem
1188 3226 1265 3292 emi·

178 3333 220 3400 sit
243 3333 325 3400 1634
348 3332 521 3418 (Parisiis).
565 3332 723 3412 Tertium,
749 3332 805 3419 qui
822 3331 1009 3398 inscribitur
1032 3334 1111 3418 περὶ
1129 3338 1266 3420 γνωμῶν

248 3538 275 3607 1)
292 3538 327 3593 Is.
350 3537 506 3594 Casauboni
523 3537 671 3608 Reiskique
693 3530 798 3628 iudicia
822 3537 906 3591 deca
924 3536 1119 3605 compilatione
1143 3537 1218 3592 inter
1235 3555 1265 3594 se

177 3634 320 3691 contraria
338 3632 484 3690 annotavit
497 3634 739 3705 Schweighaeuser
756 3633 844 3704 praef·
875 3651 939 3704 pag.
959 3631 1018 3688 VII.

249 3731 275 3801 2)
292 3731 461 3787 Monendum
479 3731 591 3786 videtur
607 3749 693 3786 unum
710 3731 814 3786 librum
830 3729 908 3784 XVII
923 3730 1031 3784 nullum
1055 3729 1086 3783 in
1105 3745 1201 3785 eorum
1220 3746 1265 3784 ax·

177 3817 339 3896 carptorum
356 3827 427 3882 serie
444 3826 547 3882 habere
563 3827 667 3897 locum;
686 3827 720 3883 de
740 3844 793 3896 qua
811 3844 842 3881 re
859 3826 984 3882 conferas
1001 3825 1161 3880 Nissenium
1176 3826 1265 3896 praef.

178 3941 206 3994 p.
226 3927 251 3977 2.

250 4021 277 4090 3)
297 3991 512 4074 ConferasErn.
535 4019 645 4076 Schulzi
664 4019 699 4074 de
716 4019 855 4088 excerptis
865 4017 1108 4086 tOonatantinianis
1127 4017 1264 4090 queastio·

179 4133 228 4171 nes
248 4116 369 4184 criticas,
388 4116 453 4170 diss.
473 4115 566 4187 inaug.
587 4117 702 4170 Bonnae
718 4117 795 4170 1866.
832 4130 895 4186 pag.
915 4121 939 4176 2.
