2834 4608
720 182 761 247 10

201 368 295 452 Quas
317 391 389 434 cum
407 369 452 436 ita
474 371 548 452 sint,
582 389 625 434 ne
646 393 665 433 a
686 389 765 434 vero
788 369 947 450 aberrem,
979 363 1006 431 si
1027 363 1156 431 Livium
1185 365 1220 428 in
1259 385 1300 429 ea

207 479 455 544 narratiuncula
485 479 659 546 referenda
691 478 868 566 Polybium
905 485 1051 542 secutum
1087 495 1159 540 esse
1194 495 1302 559 nego,

150 614 152 620 s
199 609 267 654 non
288 610 413 655 vereor.
458 589 619 673 Quoniam
652 588 740 653 enim
762 608 832 653 eam
861 587 948 652 inter
975 593 1151 670 utrumque
1178 604 1300 648 rerum

198 697 389 786 scriptorem
412 697 561 764 videmus
595 696 799 764 intercedere
822 697 991 780 rationem,
1026 704 1063 760 ut
1091 695 1195 760 multa
1226 692 1299 758 sint

199 807 286 894 apud
308 805 447 891 Livium,
476 829 559 896 quae
580 809 702 873 frustra
732 828 867 896 quaeras
890 805 978 894 apud
1001 803 1190 890 Polybium,
1223 812 1301 867 tum

199 937 278 981 vero
301 938 349 1000 ea,
380 937 462 1005 quae
482 916 536 982 hic
567 915 749 982 summatim
771 915 917 999 attingit,
949 913 1007 980 ille
1042 913 1186 1000 disputet
1214 913 1299 978 ube-

198 1023 275 1105 rius,
309 1023 451 1109 denique
472 1046 515 1090 ne
535 1046 573 1090 ea
595 1024 726 1110 quidam
759 1023 866 1088 desint
888 1022 1038 1102 Liviana,
1069 1041 1152 1105 quae
1177 1031 1299 1108 aperte

198 1142 386 1220 repugnent
407 1132 607 1218 Polybianis‚
644 1140 900 1198 consentaneum
933 1140 982 1196 est
1011 1130 1095 1194 alius
1126 1127 1301 1194 cuiusdam

149 1287 152 1291 -
200 1263 316 1308 rerum
345 1241 511 1330 scriptoris
539 1241 668 1306 Livium
696 1241 848 1306 insistere
877 1238 1034 1324 vestigiis.
1089 1234 1175 1306 Nam
1207 1238 1300 1323 quod

199 1349 428 1416 Lachmanuus
458 1352 504 1416 ita
524 1373 593 1416 rem
614 1351 676 1417 sibi
701 1349 935 1432 conformabat,
963 1357 999 1412 ut
1014 1346 1144 1413 Livium
1167 1346 1302 1412 diceret

198 1458 367 1525 annalium
396 1459 572 1548 scriptores
601 1459 642 1523 ad
664 1459 786 1544 Polybi
819 1456 1043 1524 narrationem
1076 1456 1299 1544 supplendam

200 1568 386 1634 'adhibuisse
415 1591 476 1655 ego
503 1591 570 1634 non
597 1591 752 1658 assequor
775 1568 865 1656 quod
893 1587 996 1654 genus
1021 1565 1190 1630 historiam
1215 1566 1300 1632 scri-

199 1677 299 1743 bendi
337 1679 367 1744 ei
402 1680 501 1746 tribui
533 1679 636 1767 possit
673 1679 779 1765 magis
809 1679 1005 1743 intricatum.
1049 1676 1118 1758 Qui
1150 1675 1297 1764 primum

199 1786 389 1874 simplicem
430 1787 549 1876 Polybi
575 1791 796 1854 narrationem
827 1787 1022 1872 cogitandus
1060 1795 1148 1852 esset
1183 1784 1295 1849 variis
1382 1785 1383 1788 ’

139 1965 140 1970 ,
198 1897 298 1962 rebus
328 1897 369 1962 de
399 1898 559 1965 industria
584 1899 740 1965 conlectis
770 1897 902 1988 aliunde
940 1895 1158 1985 amplificasse
1189 1900 1293 1979 atque

200 2027 393 2092 exornasse,
436 2018 506 2074 tum
535 2008 643 2074 subito
673 2008 708 2072 in
740 2006 922 2073 enarranda
958 2003 1004 2072 Μ.
1035 2003 1111 2072 Iunl
1145 2004 1298 2072 oratione
1382 2007 1383 2076 Τ

199 2113 298 2180 alium
318 2116 436 2189 adiisse
458 2125 636 2199 auctorem,
659 2116 801 2202 denique
831 2115 959 2180 infine
980 2112 1103 2180 iterum*
1130 2114 1172 2180 ad
1192 2115 1297 2200 Poly·
1382 2107 1383 2122 ¹

199 2225 291 2290 bium
314 2225 500 2293 deflexisse.
545 2227 652 2310 Quam
682 2225 843 2292 rationem
865 2225 995 2292 Livium
1027 2225 1063 2289 in
1092 2225 1154 2290 hac
1184 2224 1300 2291 fabula

198 2334 374 2400 referenda
404 2346 550 2402 secutum
582 2359 653 2403 esse
683 2358 722 2402 eo
750 2335 962 2423 prohibemur
983 2333 1156 2422 quominus
1180 2333 1297 2399 eroda-
1382 2413 1383 2416 Ἴ

199 2444 394 2531 ωυε,’(1υοά
426 2465 490 2530 quo
521 2445 616 2511 latius
642 2454 734 2534 patet
753 2445 863 2532 operis
892 2443 1020 2511 Liviani
1048 2443 1217 2527 circuitus,
1255 2463 1297 2510 eo

199 2553 305 2619 minus
326 2554 398 2619 reri
420 2563 469 2620 est
491 2553 614 2636 simile,
637 2573 712 2620 eum
732 2554 828 2619 etiam
860 2553 893 2618 in
913 2554 1020 2619 rebus
1042 2551 1216 2618 levissimis
1238 2571 1298 2618 ex·
1382 2539 1383 2608 Ῐ

200 2662 363 2748 ponendis
388 2684 455 2727 non
475 2663 792 2748 unumpotissimum
816 2662 1003 2750 amplexum
1027 2683 1099 2727 esse
1120 2666 1300 2743 auctorem,
1382 2673 1383 2680 ’

199 2769 258 2835 sed
281 2772 456 2836 multorum
479 2771 571 2857 quasi
592 2771 747 2838 flosculos
769 2771 976 2860 decerpsisse
1000 2779 1097 2858 atque
1119 2769 1296 2834 delibasse.

198 2877 314 2964 Itaque
337 2879 489 2968 quoniam
511 2880 676 2966 permulta
699 2901 771 2946 esse
793 2880 963 2964 evicimus,
993 2881 1028 2946 in
1058 2878 1174 2964 quibus
1209 2878 1300 2943 refe·

199 2987 322 3071 randis,
343 2988 422 3074 quin
444 2989 543 3055 alium
565 2999 661 3078 atque
684 2989 862 3077 Polybium
881 2988 999 3054 adierit
1020 2995 1188 3054 auctorem
1218 2987 1295 3053 fieri

200 3105 353 3182 nequeat,
375 3098 527 3187 equidem
547 3101 670 3166 nullam
693 3099 791 3166 video
815 3119 956 3182 oausam,
991 3120 1050 3164 our
1078 3119 1145 3162 non
1177 3119 1220 3164 ex
1243 3117 1298 3163 eo-

199 3203 277 3272 dem
311 3208 406 3273 fonte
442 3208 573 3274 haurire
615 3209 758 3294 potuerit
791 3230 847 3292 ea,
883 3208 1076 3296 quibuscum
1109 3205 1298 3293 Polybiane

198 3315 341 3382 narratio
371 3319 578 3386 consentiens
601 3329 660 3384 est.
691 3354 735 3370 ·-
762 3317 914 3385 Alteram
935 3318 1090 3401 fabulam,
1123 3337 1220 3402 quam
1252 3315 1296 3381 de

200 3424 319 3511 legatis
342 3447 521 3513 eorumque
551 3428 637 3492 mala
657 3427 724 3493 fide
749 3427 862 3493 Livius
889 3427 1025 3513 exponit
1048 3425 1157 3492 Acilio
1180 3425 1298 3493 deberi

200 3533 447 3622 oOicerone1)
480 3537 636 3602 habemus
657 3547 870 3626 compertum.
912 3537 1118 3623 Quamquam
1138 3555 1217 3600 num
1250 3552 1294 3599 ex

199 3642 271 3729 ipso
283 3644 392 3710 Acilio
414 3645 469 3710 vel
489 3644 672 3725 eOlaudio,
696 3645 752 3732 qui
776 3646 909 3711 annales
933 3645 1001 3710 eius
1023 3665 1041 3710 e
1064 3641 1195 3713 Graeco
1225 3655 1293 3710 ser·
1382 3703 1383 3706 ,

200 3773 296 3817 mone
330 3751 365 3818 in
385 3746 537 3818 Latinum
567 3763 710 3819 verterat
720 3803 730 3838 ,
765 3753 1040 3820 narratiunculam
1072 3759 1144 3818 eam
1177 3744 1291 3819 Livius

200 3859 353 3946 hauserit,
374 3862 408 3927 in
431 3861 530 3929 dubio
555 3862 761 3949 relinquitur.
804 3861 884 3930 Eam
908 3862 995 3930 enim
1016 3859 1114 3929 etiam
1142 3861 1177 3928 in
1209 3853 1288 3930 alio·

271 4106 300 4173 1)
322 4104 418 4160 Cicero
435 4105 470 4162 de
487 4105 533 4160 off.
554 4101 603 4170 111,
617 4109 660 4172 32,
682 4108 742 4163 115.
