2834 4608
685 284 709 358 e

150 476 230 544 inde
252 477 376 544 alibro
400 473 523 545 XXIII
545 477 696 544 concedit
722 499 796 544 eum
818 478 1009 567 scriptorem
1031 503 1050 545 a
1070 477 1164 547 Livio
1190 501 1239 546 as·

151 597 316 673 sumptum
339 605 421 652 esse.
442 623 481 634 -
506 585 623 672 Neque
654 608 732 652 vero
758 587 1065 654 Weissenbornium
1080 590 1105 674 ¹)
1131 611 1239 676 neque

149 696 324 762 Hertzium
336 698 371 778 ²),
392 694 592 765 recentiores
607 694 681 762 Livi
705 695 847 762 editores
868 696 910 761 ed
930 696 1090 764 Niebuhri
1111 708 1240 766 senten-

148 803 228 872 tiam
248 827 314 874 non
335 803 499 888 inclinari,
531 803 608 871 inde
639 805 769 872 videtur
794 805 1015 891 colligendum
1039 829 1121 891 esse,
1152 807 1241 894 quod

149 911 245 1000 alter,
277 935 359 1003 quae
393 915 429 979 in
461 913 574 1002 primis
597 913 711 980 tertiae
747 914 877 981 decadis
900 915 992 981 libris
1026 937 1099 982 cum
1120 915 1240 1002 Polybi

149 1023 338 1091 narratione
361 1023 569 1107 conueniant,
591 1045 633 1090 ex
652 1022 754 1092 Fabio
776 1023 865 1103 dicit,
888 1025 1051 1090 communi
1073 1027 1240 1111 utriusque

148 1129 242 1199 fonte
265 1133 435 1221 desumpta
458 1153 531 1200 esse
553 1155 658 1221 posse,
685 1133 768 1198 alter
791 1143 823 1200 ct
853 1134 923 1222 ipse
946 1133 1074 1200 Livium
1098 1133 1240 1201 affirmet

148 1241 192 1324 Q.
213 1239 349 1308 Fabium
363 1241 536 1326 Pictorem,
559 1264 726 1330 quousque
740 1244 874 1309 annales
890 1244 959 1309 eius
980 1243 1240 1333 porrigerentur,

148 1351 356 1440 potissimum
385 1351 534 1418 habuisse
555 1361 732 1418 auctorem.
759 1391 798 1402 -
822 1353 981 1419 Videmus
1004 1373 1084 1440 ergo
1105 1353 1140 1417 in
1161 1353 1239 1418 duaa

147 1468 260 1546 partes
281 1459 453 1527 discedere
481 1460 568 1525 viros
590 1461 713 1545 doctos,
744 1462 937 1528 sententiam
960 1462 1000 1526 ab
1022 1461 1124 1526 altera
1142 1461 1240 1526 latam

150 1569 305 1634 atrociter
325 1568 512 1658 impugnari
549 1571 588 1635 eb
612 1571 723 1653 altera,
757 1570 816 1637 hos
837 1571 1080 1636 Lachmanuum
1111 1579 1240 1637 secutos

152 1699 214 1766 per
238 1687 340 1743 totam
376 1678 505 1743 tertiam
540 1678 665 1744 decede
696 1677 831 1745 Livium'
860 1679 1058 1768 pendentem
1090 1679 1198 1744 facere
1225 1699 1242 1743 e

148 1785 301 1874 Polybio,
331 1787 406 1851 illos
429 1785 610 1862 Niebuhrio
633 1788 779 1853 addictos
809 1788 948 1876 spatium
979 1789 1012 1852 in
1033 1810 1096 1875 quo
1119 1787 1243 1856 Graeci

150 1896 296 1962 hominis
319 1896 509 1983 exemplum
530 1921 549 1961 a
569 1896 713 1962 Romano
738 1917 846 1962 rerum
870 1897 1027 1984 scriptore
1051 1917 1241 1985 expressum

149 2005 194 2070 sit
217 2005 320 2090 magis
345 2004 493 2071 minusve
515 2014 671 2074 coartare.
713 2005 782 2071 Iam
803 2027 892 2089 vero,
920 2029 995 2071 cum
1018 2003 1073 2070 diu
1103 2006 1240 2070 multum

150 2114 193 2180 de
226 2136 265 2183 ea
286 2115 505 2181 controversia
526 2115 560 2180 in
592 2125 763 2204 utramque
793 2126 919 2203 partem
941 2115 1137 2204 disputatum
1169 2137 1242 2180 nec·

150 2227 231 2292 dum
255 2226 457 2292 debellatum
481 2225 532 2309 sit,
565 2226 688 2313 primus
717 2227 797 2292 mihi
817 2225 860 2292 H.
881 2225 1053 2292 Nissenius
1064 2229 1087 2306 ⁸)
1114 2248 1184 2291 rem
1208 2225 1241 2292 in

148 2357 271 2403 novum
295 2345 412 2400 statum
430 2334 560 2400 videtur
581 2334 766 2402 adduxisse.
809 2335 874 2418 Qui
901 2358 973 2401 cum
1001 2335 1041 2401 ab
1071 2336 1117 2400 eis
1137 2335 1242 2401 Livia-

149 2446 201 2512 nis
225 2446 392 2534 profectus
414 2454 499 2510 esset
520 2444 613 2528 loeis,
641 2445 697 2510 ubi
730 2454 846 2533 sponte
872 2455 1039 2534 tamquam
1070 2443 1105 2509 iu
1129 2443 1242 2509 oculos

151 2555 365 2621 incurrerent
377 2551 557 2640 Polybiane
578 2553 727 2639 vestigia,
751 2574 790 2619 eo
806 2553 970 2642 pervenit,
995 2562 1032 2618 ut
1056 2553 1096 2618 de
1118 2554 1245 2619 ratione

148 2687 216 2754 qua
235 2665 347 2731 Livius
369 2654 544 2732 Graecum
563 2685 746 2730 sermonem
765 2653 881 2730 Latine
902 2662 1129 2744 transtulisset,
1154 2671 1243 2727 certa

152 2783 187 2839 ot
220 2774 355 2840 indubie
387 2782 525 2841 erueret.
568 2769 612 2837 Et
633 2794 671 2838 ea
690 2771 821 2858 quidem
843 2771 967 2838 ratione
996 2771 1126 2858 cognita
1146 2780 1243 2859 atque

150 2894 332 2974 perspecta,
364 2893 521 2971 quatenus
544 2891 694 2972 paterent
709 2883 848 2949 Liviana
868 2882 926 2947 ille
948 2881 1124 2966 Polybium
1146 2880 1244 2946 redo·

151 2995 271 3080 lentie,
302 2993 388 3060 houd
421 2993 553 3060 difficile
582 2993 644 3060 fuit
676 2992 821 3058 odoratu.
876 2991 1009 3058 Etenim
1041 3012 1104 3076 quo
1140 2989 1243 3076 magis

150 3105 211 3170 ille
241 3104 500 3172 eRcmenorum
527 3102 693 3170 annalium
723 3101 919 3188 scriptorum
943 3121 1066 3186 genere
1089 3097 1243 3164 narrandi

154 3211 333 3296 abhorruit,
356 3233 394 3278 eo
417 3211 523 3277 minua
546 3210 714 3276 Livianam
735 3207 954 3296 aequabiliter
975 3207 1150 3273 decurrere
1172 3230 1245 3272 ora·

152 3323 286 3407 tionem,
318 3320 415 3386 modo
447 3320 489 3385 ud
509 3318 617 3386 Latini
643 3318 738 3383 modo
770 3316 809 3384 ed
833 3316 953 3384 Graeci
981 3316 1179 3403 exemplaris
1202 3316 1243 3381 si·
1347 3401 1354 3420 ¹

150 3431 369 3498 militudinem
385 3438 612 3518 comparatam,
635 3451 701 3493 non
723 3437 772 3494 cst
796 3449 854 3492 cur
873 3425 1039 3493 miremur.
1054 3461 1096 3475 ·-
1118 3425 1243 3492 Verum

155 3541 321 3608 enimvero
365 3560 447 3625 quae
478 3537 649 3604 Nissenius
686 3536 821 3623 egregie
864 3535 1060 3623 disputavit,
1096 3557 1168 3600 cum
1202 3532 1244 3598 ad

154 3661 302 3741 quartum
326 3658 451 3717 tantum
474 3657 508 3714 et
535 3648 678 3736 quintum
708 3647 902 3737 pertineant
920 3645 1052 3726 decade,
1087 3644 1128 3711 de
1148 3644 1245 3711 tertie

156 3818 352 3838 —0-4-——d

225 3924 254 3991 1)
271 3919 483 3977 Weissenborn:
505 3915 700 3974 Teubnerschs
710 3916 795 3987 Ausg.
807 3913 884 3970 1860.
902 3912 1065 3982 Einleituug
1083 3927 1110 3982 p.
1121 3903 1243 3988 XXXIV3

227 4013 555 4088 amanuensium
575 4029 603 4084 p.
622 4009 708 4068 XXV.

226 4112 254 4183 3)
271 4111 305 4168 Η.
322 4109 439 4170 Nissen:
466 4111 537 4166 tuber
559 4109 606 4166 die
630 4107 748 4178 Qusllen
772 4105 822 4162 der
844 4101 892 4161 IV.
915 4101 973 4158 und
996 4099 1030 4158 V.
1055 4099 1167 4157 Decede
1193 4097 1242 4160 dee

154 4209 262 4270 Livius.
297 4209 393 4266 Berlin
411 4211 492 4268 1863.
