2834 4608
716 193 776 282 ‘oe

210 405 388 494 explicent,
398 395 507 470 tamen
530 404 617 490 qued
634 403 777 470 Zonaras
791 405 815 482 ¹)
835 403 971 470 Fabium
984 421 1051 468 aon
1070 399 1297 490 superstitione

209 499 503 603 prohibitum‘esse
535 524 656 595 narrat,
680 515 851 600 quominus
873 511 1099 600 Metapontum
1120 531 1191 577 sese
1219 531 1299 576 eon-

209 627 322 708 ferrct,
352 623 410 691 scd
444 623 577 708 cognita
608 622 642 688 in
673 619 790 688 litteris
820 619 1015 688 Hannibalis
1045 641 1144 686 manu
1175 620 1219 684 ab
1249 616 1300 683 in-

209 745 304 822 cepto
339 725 520 814 destitisse,
550 731 647 796 alium
680 732 804 796 fontem
833 727 898 796 Dio
923 725 1053 796 Cassius
1076 737 1208 793 secutus
1229 747 1299 791 esse

207 840 338 910 videtur
359 853 456 930 atque
478 841 602 908 Livius.
642 841 798 909 Ceterum
820 840 916 905 etiam
937 837 1022 904 illud
1039 859 1154 926 parum
1176 845 1226 904 est
1247 858 1299 902 ve·

208 953 343 1018 risimile
373 951 549 1038 Polybium
584 969 753 1034 onerasse,
786 950 876 1036 quod
907 948 1019 1015 Livius
1051 943 1153 1014 Fabio
1195 945 1300 1032 inquit

208 1049 250 1145 (d.
266 1061 305 1124 16
330 1049 417 1142 §153
440 1059 633 1147 auspicanti,
651 1059 844 1148 priusquam
860 1057 1077 1145 egrederetur
1090 1057 1130 1121 ab
1145 1053 1299 1138 Tarento,

206 1193 283 1236 aves
307 1171 408 1236 semel
432 1179 528 1256 atque
558 1171 677 1235 iterum
706 1191 771 1234 non
802 1168 1020 1245 addixerunt‚·
1040 1165 1145 1232 hostia
1170 1187 1299 1254 quoque

209 1301 301 1344 caesa
323 1278 507 1344 consulenti
524 1277 603 1343 deos
624 1277 788 1366 haruspex
811 1273 991 1343 cavendum
1013 1299 1032 1340 a
1053 1274 1168 1340 fraude
1189 1272 1298 1342 hostili

207 1398 240 1454 ct
261 1389 301 1452 ab
321 1380 449 1452 insidiis
471 1386 646 1475 praedixit.
1002 1379 1006 1388 ’
1205 1381 1208 1390 ’
1395 1461 1396 1472 ¹

311 1495 391 1561 lbde
414 1521 433 1564 a
454 1496 560 1582 capite
581 1483 684 1560 XVII
696 1495 812 1561 Livius
833 1493 874 1560 ad
895 1515 949 1560 res
962 1494 997 1560 in
1012 1493 1170 1580 Hispania
1191 1491 1299 1578 gestas
1395 1543 1396 1566 y

205 1607 313 1673 denuo
336 1629 371 1670 se
394 1605 563 1671 convertit.
605 1599 823 1690 Polybianum
845 1597 909 1670 huc
936 1613 1059 1692 spectat
1079 1599 1298 1688 fragmentum
1395 1631 1396 1670 ι

204 1717 291 1803 apud
316 1715 503 1780 Bekkerum
529 1707 653 1796 10,3t.'
674 1715 727 1780 Ac
750 1713 890 1802 primum
914 1707 1044 1800 quidem
1066 1733 1139 1777 eum
1158 1707 1298 1798 uterque

207 1823 412 1890 Edesconem
425 1815 669 1890 Celtiberorum
685 1822 868 1911 principem
883 1821 924 1886 ad
938 1817 1125 1908 Scipionem
1140 1815 1298 1887 defecisse

207 1943 328 2018 narret,
349 1955 461 1999 causas
484 1933 620 1999 cinerei
643 1933 745 1998 multo
767 1932 1004 2021 probabiliores
1027 1929 1181 2019 exposuit
1200 1927 1300 2015 Poly·

206 2042 279 2108 bius
302 2062 398 2128 quarn
418 2041 544 2109 Livius.
577 2041 610 2108 Is
633 2031 720 2108 enim
743 2065 818 2108 cum
840 2033 1045 2108 Edesconem
1060 2033 1190 2122 narret,
1214 2039 1299 2127 quod

206 2173 291 2216 uxor
312 2147 475 2239 liberique
497 2152 532 2216 in
546 2152 768 2219 Romanorum
791 2153 929 2220 tuissent
958 2158 1123 2240 potestate
1150 2157 1184 2214 ot
1210 2147 1300 2217 velut

209 2251 343 2326 fortuita
370 2251 537 2327 inclinatio
559 2262 742 2330 animorum
763 2262 954 2352 Hispaniam
975 2253 1104 2328 omnem
1127 2257 1301 2325 avertisset
1395 2265 1396 2346 l

206 2369 246 2433 ad
269 2359 449 2436 Romanurn
480 2370 647 2438 aPunieo
675 2370 829 2459 imperio,
848 2369 883 2436 in
907 2363 1015 2436 castra
1041 2368 1213 2456 Scipionis
1230 2387 1300 2433 sese

207 2477 394 2563 contulisse,
418 2477 579 2566 Polybius
602 2475 711 2562 λαβὼν
740 2477 845 2564 inquit
872 2470 1029 2545 Ἐὄικῶνα
1048 2473 1106 2543 τὸν
1127 2468 1301 2542 Ἐδετανῶν
1395 2501 1396 2518 ¹

206 2579 373 2672 δυνάστην,
402 2579 440 2664 ὃς
465 2580 534 2670 ἅμα
557 2589 606 2674 τῷ
633 2589 834 2671 nucerensis
859 2580 920 2674 Ινην
951 2580 1160 2672 Καρχηδόνος
1180 2577 1302 2650 ἅλωσιν
1395 2573 1396 2632 l

205 2692 260 2758 καὶ
279 2693 435 2780 γενέσθαι
463 2689 576 2780 κύριον
603 2697 661 2782 τῆς
680 2687 949 2781 μυναινὸςαῦιυῦ
977 2693 1034 2760 καὶ
1055 2693 1126 2759 τῶν
1144 2687 1225 2758 visin
1246 2687 1302 2758 τὸν
1395 2767 1396 2770 ¹

207 2798 370 2886 Πόπλιον,
393 2799 521 2883 εὐθέως
542 2799 813 2890 συλλογισάμενος
833 2797 892 2892 τὴν
913 2801 1069 2890 ἐσομένην
1083 2803 1151 2868 τῶν
1170 2795 1302 2888 Ἰβήρων

154 2915 156 2920 ’
203 2906 386 2998 μεταβολὴν
418 2902 560 2998 α’ρχημός
585 2907 752 3000 ἐβουλήθη
781 2914 841 3002 τῆς
858 2906 1009 2998 τοιαύτης
1039 2904 1146 2998 ὁρμῆς
1162 2904 1303 2995 μάλιστα
1395 2905 1396 2966 l

206 3019 427 3104 πεπεισμένος
454 3016 540 3087 οὕτω
562 3017 623 3108 νην
648 3025 783 3108 γυναῖκα
801 3022 855 3088 καὶ
876 3017 1040 3091 ’τὰτέκνα
1057 3023 1251 3105 κομιεῖσθαι
1272 3013 1301 3084 αἶ

205 3122 298 3210 δόξαι
320 3125 358 3194 od
386 3129 453 3194 κατ’
479 3119 624 3217 α’νᾶγκην
654 3123 740 3198 ἄλλα
760 3125 854 3196 ’κατα
885 3123 1050 3214 meritasse
1069 3123 1239 3213 αὶριῖσθσι
1259 3123 1300 3193 sd
1395 3147 1396 3212 η

202 3233 379 3321 Ῥωμαίων.
445 3237 642 3306 Orationem¹
681 3261 776 3326 quam
817 3237 979 3328 Polybius
1017 3239 1209 3306 habentem
1224 3237 1302 3303 lacit
1395 3219 1396 3274 l

207 3345 412 3412 Edesconcm
433 3346 548 3414 Livius
568 3347 710 3414 omnino.
726 3345 957 3435 praetermisit.
1016 3345 1108 3412 Idem
1140 3345 1225 3412 nihil
1254 3345 1300 3424 di·

206 3456 385 3544 gressiouia
404 3457 513 3544 habet,
536 3479 633 3544 quam
647 3459 796 3526 Graecus
820 3457 1090 3545 rernm'scriptor
1111 3455 1153 3522 de
1174 3454 1301 3538 ratione
1395 3469 1396 3504 ³

206 3566 300 3650 facit,
324 3588 387 3653 qua
408 3567 544 3634 victoria
573 3565 731 3635 utendum
762 3567 804 3634 ait
832 3567 980 3634 ducibus.
1025 3564 1301 3652 Insequentibus

206 3697 282 3741 oum
316 3675 475 3763 Polybius
508 3676 552 3743 ita
587 3676 628 3742 de
657 3672 875 3747 Hasdrubalis
911 3675 1054 3765 disputet
1069 3656 1073 3684 ⁷
1086 3673 1235 3758 consilio,
1264 3680 1301 3736 ut

304 3913 332 3981 1)
351 3914 398 3966 καὶ
415 3907 446 3974 ὃς
464 3907 619 3979 inardesce
642 3907 674 3965 τὸ
693 3905 896 3986 nasutum,
912 3915 959 3968 aul
971 3910 1144 3984 «παραληρῶν
1162 3908 1196 3966 τὰ
1213 3907 1300 3984 γρᾶμ·
1395 3905 1396 3974 ἶ

204 4028 278 4080 ματα
294 4015 353 4072 ταῖς
370 4010 533 4078 ἐπιστολαῖς,
554 4005 586 4070 ἃς
601 4016 658 4070 τοῖς
669 4014 845 4081 Ταραντίνοις
860 4009 928 4084 ποτὲ1
939 4004 1089 4084 ὄμεγρᾶφει
1100 4003 1296 4082 ναιεφῶρασεν
1395 4011 1396 4014 ’

206 4134 240 4145 -
258 4103 289 4159 τὸ
308 4101 503 4182 ἐπιβούλευμα.
798 4113 801 4122 ’
1057 4106 1060 4114 ’
1395 4095 1396 4098 ¹
