2852 4610
678 83 716 144 31

123 249 278 335 legiones,
298 270 382 334 quae
391 250 452 318 sub
469 250 622 322 Marcello
645 249 807 336 stipendia
828 248 979 332 iecerint,
1011 251 1120 320 Livius
1143 253 1265 339 signifi-

119 365 190 440 cet,
221 358 414 442 praesertim
441 375 515 430 'cum
523 359 558 428 L.
569 359 684 442 XXVI,
698 365 755 442 28,
781 363 821 426 10
829 357 976 426 ¹blancelli
999 359 1118 428 milites
1140 361 1264 432 dimissi

118 465 194 532 sint.
244 465 361 550 lteque
386 467 514 535 videtur
543 467 615 536 iens
640 468 695 534 ille
716 467 935 554 discrepantia
968 467 1010 535 ab
1044 467 1261 550 iisnarrure,

119 592 203 656 quae
224 573 259 638 in
282 570 446 656 prioribus
467 573 560 639 libris
583 576 763 660 perscripta
785 581 895 653 erant,
929 593 1033 657 neque
1064 575 1166 658 magis
1190 597 1262 644 cum

117 679 158 746 iis
181 681 388 761 conveniunt,
412 701 496 764 quae
517 687 707 765 sequuntur.
752 681 838 748 Nam
860 680 916 748 ubi
939 680 1045 764 Scipio
1067 682 1102 750 iu
1122 681 1264 749 Atticam

118 790 316 872 trajectanus
326 787 466 871 legiones
481 789 620 872 inspicit,
630 788 667 856 L.
679 789 794 872 XXIX,
811 792 950 870 12-13,
974 789 1062 858 selae
1076 770 1262 864 Ginnenses

117 895 261 978 legiones
290 896 375 978 apud
400 915 473 962 euin
496 897 721 978 inveniuntur3
744 897 923 982 dequibus
948 897 1060 964 eadem
1082 896 1149 966 iere
1179 919 1263 983 quae

119 1001 263 1068 hocloco
275 1002 531 1085 L.XXIX,1,12
553 1004 792 1088 praedicentur.
836 1006 953 1088 lteque
975 1003 1063 1085 tons,
1087 1025 1184 1088 quem
1205 1005 1261 1072 Li·

119 1107 189 1172 vius
211 1107 272 1186 hoc
295 1108 364 1174 loco
387 1108 533 1191 sequitur
554 1129 659 1193 neque
681 1129 753 1174 cum
774 1109 814 1174 iis
835 1127 919 1194 quae
941 1109 1144 1190 antecedunt,
1158 1129 1263 1194 neque

117 1235 192 1292 cum
211 1215 262 1299 iis,
273 1235 357 1298 qnae
379 1221 557 1300 sequnntur
579 1216 661 1284 bene
671 1216 819 1300 conjungi
831 1221 961 1298 potest;
982 1215 1176 1285 iomamead
1188 1237 1261 1298 eum

116 1325 277 1407 pertinet,
301 1325 430 1408 quires
453 1325 659 1392 Locrensium
681 1323 797 1406 XXIX,
822 1327 907 1390 6-8
930 1330 991 1390 etc.
1014 1325 1261 1408 narravit3nam

116 1438 255 1514 utroque
270 1430 341 1511 loco
356 1453 407 1498 res
419 1432 617 1508 Graecorum
639 1433 672 1500 in
695 1431 803 1501 Sicilia
825 1438 859 1499 et
880 1431 1161 1516 IteliaaScipione
1175 1432 1261 1500 oros

117 1546 213 1608 natae
246 1545 459 1622 exponuntur,
481 1561 508 1605 c.
535 1543 568 1620 i,
593 1543 794 1622 15-1e;.et
808 1546 905 1608 autor
927 1561 1034 1606 rerum
1043 1541 1261 1624 Locrensium,

117 1667 143 1712 c.
168 1651 220 1727 22,
246 1648 285 1714 12
308 1645 412 1726 affert,
434 1645 575 1730 Scipioni
597 1647 936 1731 permissum-esseut
950 1649 1043 1714 exiis
1058 1649 1260 1730 exercitibus,

116 1756 172 1838 qui
202 1755 236 1822 in
267 1753 376 1823 Sicilia
398 1763 515 1836 essent,
539 1755 656 1822 milites
679 1756 821 1840 eligeret,
844 1756 929 1841 quod
952 1777 1054 1839 aeque
1081 1778 1154 1824 cum
1186 1779 1259 1836 eos

115 1869 168 1928 tro
189 1863 260 1928 loco
282 1865 452 1944 consentit,
476 1885 515 1930 ao
537 1864 578 1930 ab
603 1868 656 1946 28,
679 1869 732 1944 45,
757 1868 797 1928 13
820 1869 881 1930 etc.
903 1864 1063 1930 dissentit.
1247 1929 1250 1934 .

204 1969 293 2048 Quae
315 1971 431 2038 deinde
453 1971 575 2053 XXIX,
599 1975 636 2053 l,
662 1975 787 2054 19-3,
821 1977 839 2038 5
869 1972 909 2038 de
930 1973 1164 2052 rebellantibus
1187 1971 1258 2049 Hie

114 2079 210 2161 panis
231 2078 339 2146 Liuius
363 2079 481 2160 habet,
503 2081 545 2145 ed
567 2081 703 2148 eundem
724 2080 868 2159 iontem,
896 2100 991 2163 quem
1023 2086 1121 2146 antea
1149 2081 1182 2144 in
1206 2079 1258 2152 his

117 2187 245 2270 populis
267 2188 445 2270 usurpavit,
471 2187 640 2254 referenda
663 2208 733 2253 esse
757 2187 876 2270 aliquis
887 2187 993 2254 dicere
1004 2188 1122 2270 possit;
1146 2208 1256 2272 quamv

114 2316 212 2379 qnam
233 2317 292 2364 nos
314 2302 438 2364 certum
459 2297 615 2379 judicium
639 2317 704 2364 non
725 2294 869 2364 ierimus.
911 2295 1040 2372 Etenim
1062 2316 1134 2362 cum
1149 2295 1258 2367 Livius

113 2401 261 2483 XXVIII,
286 2407 337 2484 38,
363 2405 378 2468 l
404 2402 585 2487 Scipionem
615 2423 655 2468 ex
684 2403 849 2486 provincia
880 2402 1088 2475 decedentem
1114 2401 1152 2468 L.
1173 2401 1256 2468 Lens

117 2512 188 2578 tulo
208 2517 242 2578 et
272 2511 309 2576 L.
340 2510 472 2576 Manilio
502 2511 651 2578 Acidalio
679 2510 928 2596 proconsulibus
959 2511 1128 2594 imperium
1159 2511 1258 2582 tradi·

112 2620 199 2692 disse
216 2625 398 2698 ,narrasset
422 2618 498 2686 dum
520 2617 672 2703 Polybius
695 2617 803 2686 Sileno
827 2617 939 2684 datum
958 2639 1025 2692 esse
1041 2617 1144 2698 dixit,
1168 2623 1256 2686 recte

112 2729 175 2800 hec
195 2725 279 2797 libro
322 2725 438 2808 XXIX,
455 2731 498 2806 2,
534 2729 549 2792 l
583 2726 680 2794 iidem
713 2725 869 2792 Lentulus
891 2736 924 2792 et
944 2723 1095 2793 Manilius
1117 2745 1256 2807 procori.-

110 2833 197 2902 sules
218 2833 376 2901 norninati
395 2839 471 2901 sunt
492 2832 529 2900 L.
552 2833 667 2914 XXIX,
692 2835 722 2913 l,
746 2837 887 2899 252-16.
931 2831 1124 2899 Mandonius
1148 2836 1181 2898 et
1202 2830 1257 2901 In·

110 2941 219 3008 dibilis
248 2941 454 3020 Ausetanos,
484 2939 662 3008 Sedetanos
692 2939 772 3006 alios
801 2937 937 3022 populos
966 2938 1128 3018 excitant,
1156 2943 1256 3022 atque

108 3049 145 3117 in
166 3069 245 3132 agre
268 3047 500 3116 Sedetanorum
524 3049 727 3128 conveniunt,
750 3046 806 3114 ubi
829 3046 926 3116 etiam
949 3045 1144 3128 LXXVIII,
1164 3048 1215 3127 31,
1235 3051 1254 3113 t

110 3157 231 3224 stativo
251 3155 444 3237 habuerant,
467 3161 501 3222 et
522 3175 618 3240 quem
639 3154 676 3220 L.
698 3153 843 3235 XXVIII,
868 3158 920 3236 24,
946 3157 964 3220 3
987 3154 1128 3238 primum
1149 3173 1254 3236 popu.-

107 3264 167 3330 I'eti
191 3270 294 3332 erant.
348 3264 462 3332 Etiam¹
490 3264 526 3330 L.
549 3263 674 3346 XXIX,
699 3269 730 3344 2,
763 3269 781 3329 5
811 3269 899 3329 reete
924 3261 1076 3347 Ilergetes
1107 3261 1255 3333 Indibilis

107 3375 281 3459 populares
304 3373 464 3440 dicuntur.

196 3481 308 3570 Neque
338 3481 520 3554 uerobaec
543 3501 583 3548 ex
613 3479 748 3565 Polybio
779 3479 950 3576 desumpta
979 3484 1063 3547 sunt.
1077 3513 1085 3543 .·
1106 3477 1250 3547 Primum

112 3591 197 3661 enim
220 3588 312 3658 valde
343 3588 556 3658 dubitandum
578 3588 655 3669 erit,
680 3609 757 3653 num
778 3586 833 3652 ille
855 3592 923 3652 tam
945 3591 1095 3652 accurate
1117 3585 1250 3655 haeres

111 3698 310 3777 narrwsrit3
340 3697 426 3782 quod
455 3697 482 3764 si
503 3696 596 3778 lecit,
619 3696 672 3762 vix
692 3695 846 3764 hocloco
868 3693 982 3762 fecisse
1004 3692 1168 3778 putandus
1191 3698 1251 3760 eet.

106 3805 191 3874 Tum
208 3827 285 3875 uero
297 3806 398 3890 ipsius
409 3825 538 3891 pugnae
561 3804 734 3889 descriptio
757 3802 887 3870 minime
908 3807 959 3868 est
975 3799 1161 3885 Polybiane.
1186 3800 1251 3866 No·

103 3915 270 3984 minantur·
292 3935 319 3982 e.
331 3915 361 3994 2,
385 3918 405 3980 8
428 3919 461 3980 et
486 3919 524 3980 10
547 3913 615 3979 Ser.
640 3911 824 3990 Cornelias,
845 3910 994 3976 tribunus
1017 3908 1172 3989 militum3
1193 3929 1250 4000 no·

103 4020 272 4089 amantur
299 4019 424 4084 numeri
445 4017 609 4102 legionum
631 4038 658 4082 c.
682 4021 712 4098 2,
737 4019 854 4082 9-10.
878 4013 1003 4080 Deinde
1025 4032 1051 4080 o.
1076 4016 1107 4091 2,
1137 4017 1176 4076 14
1195 4011 1251 4084 lm

106 4125 214 4202 dibilis
248 4148 318 4192 cnm
350 4127 498 4210 equitatu
528 4133 604 4196 ante
633 4126 739 4211 prima
762 4125 856 4208 signa
886 4142 921 4188 se
943 4121 1098 4206 objecisse
1120 4119 1250 4200 dicitur,

105 4235 163 4302 sed
192 4237 227 4302 in
247 4233 363 4302 ‘medic
394 4239 466 4302 erat
494 4255 602 4321 pugna
631 4233 791 4321 pedestris
812 4254 841 4298 c.
864 4233 895 4313 2,
920 4230 1049 4311 9-11;
1077 4226 1249 4295 interualla
