2834 4608
644 232 687 302 29

115 421 155 489 ab
186 441 306 486 eorum
338 419 502 486 annalium
530 420 725 506 scriptorum
760 415 915 484 defendat
947 414 1123 497 conviciis,
1159 412 1215 500 qai

109 551 224 617 neque
251 529 463 594 Phalaridem
495 551 603 615 neque
626 528 868 614 Apollodorum
903 525 933 591 ei
956 526 1146 614 aequauisse
1168 525 1215 590 in-

108 640 260 704 humana
281 639 474 705 crudelitate
499 638 533 704 in
554 640 672 724 volgus
692 636 877 702 ediderunt.
921 634 990 704 Sed
1009 657 1051 700 ue
1082 635 1152 720 quis
1175 636 1215 699 ab

111 858 202 922 cium
229 881 344 924 eorum
368 857 532 922 existimet
554 857 735 922 sententiae
759 855 994 921 adminiculum
1012 854 1088 920 addi
1108 877 1214 942 posse,

113 967 238 1054 quibus
261 967 392 1032 Livium
416 977 519 1033 totum
541 967 689 1056 pendere
723 965 904 1052 ePolybio
936 964 1128 1054 persuaderi
1161 985 1216 1030 ne-

112 1085 226 1164 queat,
249 1076 446 1143 monendum
469 1077 598 1141 videtur
627 1099 693 1142 non
709 1075 767 1152 tita
798 1075 962 1164 disputare
984 1075 1161 1162 Polybium
1182 1081 1219 1140 ut

26 1203 31 1211 '
112 1187 365 1272 Syracusanum
387 1197 565 1274 tyrannum
587 1187 627 1252 ab
647 1186 736 1250 omni
759 1185 855 1272 culpa
876 1176 1003 1266 liberet,
1026 1185 1084 1250 scd
1105 1195 1141 1250 ut
1161 1206 1217 1250 ees

113 1296 297 1386 impugnet
319 1297 511 1384 scriptores,
551 1295 607 1382 qui
637 1316 745 1382 neque
779 1295 813 1360 in
844 1294 1009 1360 laudando
1044 1316 1151 1380 neque
1184 1295 1218 1385 in

113 1404 343 1493 vituperando
376 1405 509 1472 modum
545 1402 673 1492 possint
707 1412 832 1468 tenere.
893 1403 1009 1488 Itaque
1034 1403 1147 1470 Livius
1184 1403 1219 1473 in

114 1515 237 1604 capitis
260 1515 365 1604 quinti
385 1513 592 1603 paragrapho
616 1521 730 1597 quarta
752 1533 833 1599 quae
856 1511 970 1578 habet.
996 1534 1219 1599 ,conspexere

114 1646 301 1712 purpuram
325 1623 383 1707 (sc.
406 1622 618 1708 Hieronymi)
642 1645 680 1686 ac
696 1619 847 1685 diadema
858 1643 896 1686 ac
908 1621 1065 1686 satellites
1078 1630 1217 1688 armatos

118 1733 361 1820 quadrigisque
392 1732 489 1796 etiam
517 1732 665 1796 alborum
699 1751 857 1814 equorum
877 1729 1041 1796 interdum
1064 1753 1107 1798 ex
1128 1730 1222 1814 regia

117 1843 355 1929 procedentem
388 1864 480 1908 more
505 1839 646 1927 Dionysi
675 1839 807 1926 tyranni
839 1840 928 1906 hunc
957 1849 1023 1905 tam
1043 1843 1221 1930 superbum

120 1961 335 2047 apparatum,
344 1951 555 2036 habitumque
587 1948 811 2016 convenientis
840 1949 1059 2033 sequebantur
1079 1959 1221 2016 contem·

117 2071 195 2147 ptus
243 2059 386 2126 omnium
416 2059 600 2141 hominum,
637 2059 798 2145 superbae
840 2079 952 2139 aures,
983 2057 1221 2124 contumeliosa

120 2167 209 2234 dicta
239 2169 307 2234 rari
334 2167 440 2234 aditus
470 2191 536 2234 non
570 2167 684 2232 alienis
717 2165 814 2232 modo
836 2165 894 2232 sed
917 2166 1076 2235 tutoribus
1112 2167 1221 2251 etiam,

118 2278 277 2347 libidines
308 2301 429 2362 novae,
477 2277 654 2346 inhumana
692 2276 888 2342 crudelitas“
925 2298 1133 2362 nequaquam
1177 2277 1222 2345 ita

120 2399 198 2454 sunt
240 2397 446 2482 comparata,
488 2398 524 2453 ut
552 2387 652 2454 nullis
689 2385 847 2452 machinis
878 2407 946 2450 non
978 2386 1103 2474 possint
1123 2387 1222 2472 Poly-

120 2497 176 2564 bio
210 2498 399 2564 abiudicari.
458 2497 524 2578 Qui
560 2497 705 2581 etipse
743 2495 892 2562 concedit
929 2518 1044 2583 parum
1085 2497 1223 2563 honeste

122 2609 248 2674 vixisse
273 2609 515 2695 Hieronymum
549 2630 623 2674 cum
653 2606 740 2670 dieat
758 2607 812 2694 ¹):¹
832 2603 886 2672 καί
914 2608 995 2684 παῖς
1024 2599 1224 2692 παραλαβών

121 2715 181 2804 τὴν
211 2709 322 2804 ἀρχὴν,
346 2709 540 2804 adsentirer
572 2715 610 2784 οὐ
630 2716 766 2796 πλείους
794 2719 896 2803 τριῶν
925 2716 980 2782 καί
1002 2716 1079 2784 δέκα
1100 2711 1225 2800 βιώσας

126 2823 306 2916 μετήλλαξε
329 2822 387 2894 τὸν
409 2825 482 2910 βίον
503 2847 510 2860 ·
528 2823 610 2892 κατὰ
640 2824 676 2892 δὲ
710 2822 771 2892 τὸν
799 2821 916 2910 χρόνον
947 2829 1064 2892 τοῦτον
1090 2823 1145 2891 ἕνα
1167 2825 1226 2910 μέν

125 2958 198 3002 τινα
229 2935 282 3000 καί
316 2931 468 3021 δεύτερον
495 2933 743 3018 ἐστρεβλῶσθαι
767 2932 822 2998 καί
850 2958 939 3012 τινας
963 2936 1030 2998 τῶν
1048 2934 1154 3023 φίλων
1172 2934 1227 3002 καί

125 3047 194 3110 τῶν
227 3033 335 3110 ίίλλων
354 3041 583 3127 Συρακουσίων
613 3033 821 3107 danastrum
849 3037 985 3108 δυνατόν
1010 3042 1078 3107 κτλ.
1133 3039 1227 3108 Oete-

129 3177 204 3219 rum
238 3153 336 3220 etiam
363 3151 543 3238 Diodori'l)
579 3163 667 3218 extat
702 3152 924 3236 fragmentum
956 3152 1021 3218 huc
1056 3163 1224 3242 spectans:

43 3269 45 3274 ’
129 3260 319 3329 ἓπετελεῖιο
341 3258 400 3350 γὰρ
433 3265 591 3348 γυναικῶν
619 3259 729 3347 ὕβρεις
750 3263 804 3328 καί
823 3258 901 3341 τούς
919 3261 1084 3351 παρρησίᾳ
1105 3261 1228 3349 χρωμέ-

130 3398 206 3440 νοοε
230 3377 296 3440 τῶν
318 3374 424 3464 φίλων
445 3364 617 3440 dictaretve
630 3372 685 3438 καί
704 3374 838 3444 πολλῶν
859 3365 1000 3459 ἀκρίτως
1022 3371 1133 3452 οὐσίας
1154 3369 1228 3462 ἐδή-

130 3508 210 3566 aava
231 3485 286 3550 καί
308 3488 380 3563 τοῖς
401 3480 488 3570 πρὸς
507 3479 599 3568 χάριν
622 3479 791 3570 ὁμιλοῦσιν
816 3483 981 3568 ἐδωρεῖτο·
1025 3485 1141 3570 Itaque
1155 3501 1228 3552 eum

132 3615 240 3683 neque
262 3593 375 3660 Livius
404 3615 514 3680 neque
537 3592 703 3660 Diodorus
728 3603 963 3679 exaggeratam
986 3614 1100 3660 eorum
1124 3595 1228 3662 secuti

133 3705 199 3770 sint
220 3703 486 3791 descriptionem,
509 3703 564 3789 qui
586 3703 828 3788 Hieronymum
858 3703 958 3768 talem
983 3703 1084 3768 fuisse
1115 3705 1227 3772 volue-

133 3824 220 3904 runt,
255 3835 319 3900 quo
341 3813 425 3880 nibil
446 3823 532 3880 esset
565 3813 600 3880 in
622 3811 709 3879 vitiis
742 3811 971 3892 excellentius,
1003 3813 1082 3900 quin
1112 3833 1228 3892 verum

137 3981 303 3992 ——a-v—-a

208 4058 235 4123 1)
253 4053 364 4108 Bskker
381 4070 408 4124 p.
431 4050 583 4145 554-55.,

186 4155 236 4222 ¹2)
254 4151 361 4207 Diodor
380 4153 423 4215 26,
442 4155 485 4208 25.
578 4163 580 4169 ’
