2834 4608
759 241 798 306 16

1224 305 1236 340 h

235 428 314 490 v'ero
346 445 421 492 cum
454 425 543 491 nulla
575 424 622 490 eis
654 446 728 513 spes
761 424 804 492 sit
833 424 964 510 relicta,
998 425 1109 492 hostes
1139 447 1220 493 vero
1240 427 1327 516 ipso·

140 599 142 604 ,
233 553 307 598 rum
328 533 448 622 oppido
469 534 532 600 iam
547 535 821 622 appropinquent,
843 535 1029 601 necessitati
1046 535 1327 624 parendumcsse.

235 640 336 708 Cuius
351 627 604 708 contionis'cum
625 643 749 709 nullam
767 641 880 712 Livius
902 643 1000 710 faciat
1017 645 1228 728 mentionem,
1246 643 1326 710 Dio·
1389 651 1390 728 j

233 751 349 818 dorum
369 751 434 817 alio
457 760 555 838 atque
579 773 653 818 eum
676 757 881 819 fontaneum
904 773 975 818 esse
1000 776 1067 820 non
1087 763 1137 822 cst
1162 755 1253 842 quod
1273 776 1328 820 ne·

232 865 357 946 ge'mus.
412 861 618 952 Quamquam
648 871 757 928 utrum
785 862 961 949 Polybium
991 872 1120 936 secutus
1144 863 1195 949 sit,
1218 887 1262 930 an
1287 885 1328 930 ex
1389 889 1390 924 r

231 968 394 1036 annalium
425 972 646 1038 Romanorum
675 973 817 1058 pendeat
853 974 1064 1061 scriptoribus
1096 975 1131 1040 in
1169 975 1327 1061 ambiguo

234 1089 291 1146 est.
329 1080 368 1145 In
391 1076 612 1168 sequentibus,
636 1081 813 1164 o.-11·--13,
828 1090 998 1170 postquam
1015 1081 1055 1148 de
1075 1082 1177 1149 Fabio
1193 1083 1328 1150 Pictore
1389 1127 1390 1132 κ

231 1186 382 1274 Delphos
405 1188 513 1273 legato
537 1187 650 1252 Livius
672 1188 770 1260 verba
793 1186 882 1270 lecit,
915 1187 1030 1272 quibus
1055 1189 1170 1255 animis
1192 1189 1327 1256 Ca‘rtha·

232 1295 397 1380 ginienses
421 1296 575 1362 nuncium
593 1295 777 1363 Cannensis
796 1295 952 1361 victoriae
966 1299 1164 1384 acceperint,
1179 1300 1331 1387 exponit,
1389 1311 1390 1314 ’

232 1405 376 1488 Quarum
399 1409 515 1470 rerum,
533 1405 680 1491 quamvis
701 1407 791 1472 nulla
817 1406 906 1494 apud
935 1406 1109 1490 Polybium
1134 1417 1247 1473 extent
1272 1431 1326 1473 vc-

231 1512 329 1599 stigia
350 1536 453 1599 usque
476 1514 518 1580 ad
539 1525 681 1580 nostram
703 1524 844 1590 aetatem
861 1525 998 1597 servata,
1020 1525 1126 1582 tamen
1149 1518 1325 1606 scrupulus
1389 1575 1390 1578 ,

231 1645 274 1688 ne
307 1623 514 1690 tenuissimus
546 1623 678 1709 quidem
709 1624 831 1692 residet
859 1625 1074 1713 Polybianam
1104 1628 1324 1694 narrationem

231 1753 251 1796 a
271 1731 409 1799 Liviana
430 1733 571 1800 alienam
597 1735 707 1800 fuisse.
752 1734 881 1800 Etenim
906 1758 988 1820 quae
1013 1736 1053 1801 de
1075 1737 1232 1825 Delphici
1254 1751 1324 1804 ora·
1389 1745 1390 1748 ’

232 1842 304 1906 culi
317 1863 473 1929 responso
495 1843 608 1910 Livius
629 1844 727 1908 tradit
743 1869 761 1908 a
778 1844 880 1910 Fabio
896 1844 1028 1925 Pictore
1041 1847 1189 1931 recitato,
1209 1847 1236 1913 si
1257 1871 1325 1914 non

233 1973 276 2016 ex
296 1950 404 2040 ipsius
420 1952 504 2020 Fabi
526 1953 694 2019 annalibus
716 1955 833 2037 hausit,
853 1963 886 2020 at
907 1965 995 2020 certe
1018 1956 1100 2021 fonti
1123 1957 1238 2022 deberi
1262 1956 1324 2022 Rc·
1389 1967 1390 2046 t

231 2083 326 2126 mano
349 2061 419 2126 veri
439 2071 488 2126 est
509 2061 720 2128 simillimum.
762 2061 846 2128 Tum
868 2085 946 2129 vero
970 2063 1143 2148 orationes,
1166 2087 1244 2152 quas
1268 2065 1323 2131 Hi·
1389 2049 1390 2118 l

229 2167 404 2234 milbonem
422 2171 685 2259 Hannonemque
707 2171 741 2236 in
757 2171 1044 2258 Carthagiensium
1066 2183 1180 2239 senatu
1201 2175 1323 2240 haben·
1389 2195 1390 2198 ’

229 2287 278 2342 tes
295 2277 385 2362 facit,
400 2289 575 2366 propterea
587 2281 728 2365 Polybio
751 2291 828 2346 sunt
842 2281 1076 2346 abiudicandae
1098 2283 1174 2370 quia
1190 2285 1323 2350 omnino

229 2409 297 2453 non
319 2387 492 2474 distinguit
514 2387 599 2454 inter
621 2390 700 2455 duas
715 2389 1036 2478 Carthaginiensium
1057 2392 1225 2475 factiones,
1248 2417 1323 2482 qua·
1389 2483 1390 2486 Ἴ

230 2519 305 2562 rum
329 2497 464 2562 alteram
484 2498 677 2586 popularem
691 2499 839 2564 Barcinis
857 2501 1031 2566 obnoxiam
1053 2501 1164 2585 fuisse,
1186 2502 1323 2568 alteram
1389 2515 1390 2556 l

136 2645 142 2660 ·
232 2606 454 2694 optimatium,
485 2608 649 2674 Hannone
669 2610 829 2699 principe,
851 2610 975 2676 bellum
996 2633 1067 2676 eum
1089 2611 1244 2677 Romanis
1269 2633 1323 2697 ge·

229 2713 369 2781 rendum
403 2715 596 2782 dissuasisse
630 2739 778 2807 semper,
822 2741 840 2784 e
870 2717 949 2784 Fabi
981 2719 1120 2786 Pictoris
1153 2720 1322 2786 annalibus
1389 2731 1390 2734 ’

230 2824 369 2913 primum
391 2824 522 2891 videtur
543 2826 731 2893 innotuisse.
764 2827 921 2896 Ceterum
941 2828 1027 2894 sicut
1046 2829 1110 2893 iam
1131 2839 1227 2894 antea
1240 2829 1323 2898 Cae·

229 2933 309 2998 lium
331 2933 545 3022 Antipatrum
561 2935 636 3002 Livi
656 2937 757 3003 faisse
772 2937 895 3002 fontem
918 2947 954 3002 ut
976 2946 1189 3004 statueremus
1205 2961 1323 3006 causae

230 3052 324 3109 erant
345 3043 569 3130 gravissimae,
591 3046 636 3110 ita
655 3069 696 3111 nc
718 3047 780 3112 hoc
804 3046 935 3134 quidem
955 3048 1029 3113 loeo
1050 3046 1226 3115 Caelianae
1248 3072 1322 3114 nar·
1389 3105 1390 3141 ,

229 3152 367 3218 rationis
399 3173 534 3240 prorsus
566 3155 714 3220 destituti
748 3177 857 3221 samus
887 3157 1044 3244 vestigiis.
1105 3155 1188 3222 Nam
1209 3158 1322 3224 'verba
1389 3145 1390 3232 l

230 3261 299 3328 eius
329 3263 538 3330 aPrisciano
553 3267 577 3345 ¹)
612 3263 749 3332 tradita:
784 3265 912 3350 ,nullae
939 3265 1066 3332 nationi
1099 3276 1163 3340 tot,
1196 3243 1320 3349 senia,
1389 3257 1390 3260 ¹

228 3379 295 3436 tam
327 3372 497 3438 continuas
529 3373 689 3439 victorias.
716 3382 780 3439 tam
808 3374 901 3440 brevi
931 3376 1033 3464 spatio
1067 3376 1157 3442 datas
1179 3374 1320 3442 arbitror
1389 3415 1390 3456 3

230 3502 327 3568 quam
348 3481 459 3548 vobis“
485 3483 734 3569 fundamentum
762 3482 861 3550 fuisse
892 3485 944 3551 cui
964 3485 1078 3551 Livius
1103 3483 1320 3552 orationema
1389 3483 1390 3524 ³

218 3577 371 3677 'Magone
393 3591 630 3680 Carthaginem
663 3594 774 3679 legato
807 3593 948 3659 habitem
970 3604 1221 3684 superstrueret,
1246 3618 1319 3662 con·

228 3700 383 3766 lecturam
412 3701 703 3769 Weissenbornius
732 3703 812 3770 fecit
841 3703 920 3770 mihi
948 3705 1157 3772 arridentem.
1201 3703 1318 3791 Neque
1389 3711 1390 3802 j

228 3809 333 3896 magis
356 3810 398 3876 ad
411 3810 533 3898 Polybi
551 3811 794 3878 similitudinem
816 3811 1075 3900 Dionisoassi2)
1098 3823 1312 3901 comparatam
1389 3805 1390 3874 i

328 4060 574 4132 ursimannus,
595 4067 663 4129 ae·
767 4049 770 4056 ’

326 4159 352 4230 2)
369 4159 422 4214 Dio
442 4161 551 4216 Cassius
568 4161 603 4219 fr.
622 4164 665 4232 57,
682 4164 726 4216 28.
