2852 4610
628 53 670 116 45

163 219 290 288 Deinde
311 219 379 288 Lis.
402 219 509 304 XXX,
540 244 567 287 6.
591 225 648 304 25,
674 223 786 290 11-6.
822 224 863 288 26
897 241 937 288 cx
963 223 1134 292 annalibus
1164 223 1223 292 des

72 328 200 412 scripta
232 348 305 395 esse
327 335 474 414 apparet.
531 329 697 396 Hannibal
729 329 968 414 praetereundo
1012 330 1054 396 ad
1090 330 1218 415 Leptim

72 435 215 502 classem
237 434 400 521 appulisse
422 437 556 502 dicitur:
577 436 679 520 XXX,
704 440 757 519 25,
784 439 841 518 il;
864 437 915 503 cui
937 443 1099 522 repugnat
1120 439 1219 519 XXX,

74 543 807 624 29,1111161111161111166111116611611
840 565 1003 629 egressum
1036 567 1107 613 esse
1129 547 1221 613 andi-

76 671 154 716 mus
178 649 242 732 (cir.
266 651 307 718 U.
330 649 470 734 Becker,
502 651 543 718 de
565 651 702 718 historia
723 650 801 718 belli
822 651 930 736 punici
954 653 1085 720 secundi
1108 675 1222 738 quaes·

73 759 183 824 tiones
206 759 471 842 praeparativac,
498 781 530 844 p.
563 763 650 843 187).
704 759 772 826 Liv.
795 759 906 842 XXX,
939 782 966 826 6.
998 763 1223 842 26,,1-461
1286 798 1291 807 ³

73 863 217 949 Polybio
239 887 303 932 non
326 887 397 934 csse
419 887 581 948 conversa,
603 887 675 934 cum
698 868 819 959 multae
840 868 924 934 61166
936 889 1053 936 causae
1066 869 1222 952 indicant,

75 976 148 1035 tum
173 991 256 1055 quae
286 993 313 1036 o.
338 977 397 1054 26,
433 977 452 1037 3
483 973 524 1038 (16
547 973 687 1057 Sopatro
719 979 753 1040 et
785 973 826 1040 de
846 973 1058 1044 Macedonum
1089 977 1221 1044 auxiliis

75 1076 276 1160 afferuntur,
299 1077 340 1144 de
362 1078 478 1163 quibus
498 1079 584 1146 inira
606 1079 700 1165 plura
723 1080 874 1146 dicemus.
1256 1150 1260 1157 ,
1283 1165 1296 1184 ι

166 1185 216 1252 lia
237 1191 346 1252 antem
369 1207 453 1271 quas
476 1187 532 1254 lib.
553 1187 652 1270 XXX,
675 1208 702 1254 c.
726 1193 767 1252 29
785 1210 834 1274 sq.
857 1189 942 1274 apud
966 1189 1090 1258 Livium
1111 1191 1222 1276 legun·

75 1298 144 1374 611,
167 1313 264 1376 quam
288 1294 428 1360 maxime
451 1315 523 1360 oum
545 1295 680 1380 Polybio
702 1296 926 1378 consentiunt,
949 1298 1150 1381 paucissimis
1172 1320 1222 1366 re·

77 1399 306 1485 busexceptis.
349 1399 386 1466 P.
409 1400 500 1480 xlv,
523 1421 552 1468 6.
574 1403 667 1467 3--6,
693 1403 744 1467 19.
788 1402 941 1487 Polybius
960 1403 1061 1488 igitur
1081 1403 1171 1486 XIV,
1193 1425 1221 1470 o.

77 1512 111 1588 4,
137 1512 156 1572 9
179 1513 311 1589 161166,
334 1507 490 1576 Baebium
512 1508 654 1594 legatum
679 1507 828 1593 Scipione
854 1509 990 1576 absente
1008 1514 1101 1596 jussu
1123 1510 1223 1596 impe·

76 1615 198 1680 ratoris
221 1615 534 1700 Carthaginiensium
563 1615 687 1701 legatos
717 1615 847 1684 domum
871 1619 1013 1700 misisse,
1048 1619 1124 1686 dum
1154 1619 1221 1685 Liv.

75 1721 179 1803 XXX,
203 1725 255 1804 26,
281 1724 321 1787 10
344 1723 448 1806 ipsum
472 1722 653 1806 Scipionem
676 1722 737 1790 hoo
756 1721 870 1790 iecisse
892 1725 986 1790 dixit.
1031 1725 1099 1792 Liv.
1120 1726 1220 1807 XXX,

78 1835 134 1912 33,
159 1835 178 1894 6
200 1829 319 1896 milites
341 1829 532 1897 Hannibalis
554 1831 677 1898 Bruttii
699 1830 902 1913 afferuntur3
936 1853 1019 1916 quae
1051 1833 1143 1918 signa
1164 1837 1221 1900 mi-

78 1937 213 2019 litaria,
245 1942 325 2020 quot
335 1937 499 2020 elephanti
521 1938 608 2004 caesi
631 1938 784 2022 captique
806 1919 913 2005 essent
944 1939 980 2004 L.
1004 1939 1103 2021 XXX,
1127 1945 1178 2020 35,
1204 1946 1222 2006 3

78 2049 233 2113 66611666
263 2046 449 2128 exponitur3
485 2045 566 2112 nibil
596 2045 636 2110 de
671 2045 821 2112 omnibus
855 2045 905 2111 his
934 2047 1032 2112 rebus
1061 2047 1223 2133 Polybius.

77 2151 145 2218 Sed
167 2150 248 2216 haec
268 2150 409 2232 leviora3
442 2151 557 2218 summi
580 2156 688 2218 autem
721 2153 874 2219 momenti
905 2159 968 2234 est,
999 2153 1086 2238 quod
1112 2154 1222 2221 Livius

76 2258 181 2340 XXX,
206 2279 232 2324 6.
259 2263 309 2340 36,
333 2259 408 2326 611
431 2260 500 2326 acie
521 2259 711 2326 Hannibalis
733 2259 891 2344 legionem
912 2259 1123 2328 1166666111
1138 2283 1231 2334 6611,

79 2373 257 2448 memorat,
280 2387 377 2452 quam
400 2367 566 2436 Nissenius
590 2375 680 2440 recte,
701 2368 790 2450 dicit,
811 2389 876 2436 non
900 2371 969 2436 sino
992 2369 1102 2454 aliqua
1124 2391 1230 2438 causa-

80 2495 102 2540 a
125 2473 260 2560 Polybio
283 2477 433 2544 omissam
468 2498 548 2543 esse.
593 2477 627 2543 P.
647 2477 736 2560 XIV,
767 2497 794 2542 6.
820 2481 870 2542 11.
906 2477 1036 2560 (Nissen
1069 2501 1103 2563 p.
1135 2481 1222 2566 123),

79 2581 146 2650 Sed
169 2581 277 2649 Livius
300 2583 362 2650 hoc
393 2583 455 2652 sibi
489 2607 553 2652 161
582 2584 694 2666 finxit3
731 2585 764 2650 in
796 2583 885 2652 fonte
918 2605 977 2654 suo
1012 2586 1130 2668 inarat3
1156 2590 1223 2672 jam

77 2687 180 2770 XXX,
203 2709 231 2770 6,
256 2693 315 2771 26,
341 2694 424 2755 1-4
446 2691 486 2758 de
518 2691 578 2758 1166
599 2689 810 2757 Macedonum
843 2691 970 2776 legione
1004 2691 1130 2759 loeutus
1163 2699 1224 2775 est,

78 2786 181 2879 atqn'e
202 2795 301 2878 XXX,
325 2815 352 2860 6.
381 2800 433 2878 42,
457 2802 475 2861 6
499 2797 617 2863 iterum
640 2797 822 2881 Sopatrum,
847 2820 864 2863 6
887 2799 1079 2883 propinquis
1103 2807 1224 2884 etpur-

77 2901 207 2985 puratis
228 2902 324 2988 regis,
346 2903 381 2968 in
405 2903 544 2970 Africam
566 2905 734 2970 transiisse
749 2909 871 2970 narrat.
894 2903 959 2970 Sed
982 2911 1121 2990 uterque
1132 2907 1223 2974 locus

80 3031 122 3076 ex
144 3009 317 3076 annalibus
339 3010 529 3096 desumptus
552 3017 622 3093 est3
645 3031 684 3078 66
704 3033 757 3078 166
780 3011 853 3095 ipsa
875 3033 952 3078 num
972 3035 1050 3080 vera
1060 3015 1114 3096 sit,
1126 3035 1223 3098 quam

78 3118 220 3184 maxime
243 3117 386 3185 dubium.
431 3119 514 3184 Nam
536 3119 565 3186 si
587 3139 663 3185 vera
685 3124 766 3200 erat,
789 3123 942 3205 majestas
964 3121 1075 3205 populi
1089 3123 1225 3190 Romani

77 3225 280 3310 postulabat,
302 3232 339 3292 ut
362 3227 523 3311 extemplo
569 3226 689 3295 bellum
711 3227 860 3312 Philippo
882 3229 1096 3312 indiceretur,
1118 3252 1224 3315 neque

80 3355 181 3400 causa
204 3340 294 3416 6166,
317 3357 375 3401 611
408 3342 540 3402 6616616
576 3335 691 3405 callide
724 3357 834 3403 omnes
861 3338 1046 3406 occasiones
1067 3339 1109 3406 ad
1135 3339 1224 3406 Phil·

78 3443 168 3526 lippo
190 3441 309 3507 bellum
331 3443 531 3509 inferendum
553 3444 773 3528 conquireret3
806 3444 974 3529 Philippus
1003 3453 1113 3514 autem
1137 3467 1222 3514 6116

80 3571 102 3616 6
124 3547 182 3614 Oh.
207 3552 270 3614 205
293 3570 405 3634 pacem
427 3551 551 3617 iecerat
572 3573 643 3618 cum
666 3551 833 3635 Romanis,
856 3573 894 3620 ao
915 3575 975 3638 per
998 3558 1102 3621 totam
1124 3556 1223 3620 vitam

81 3657 115 3724 id
138 3677 266 3742 semper
298 3678 395 3743 quam
427 3660 566 3727 maxime
597 3660 753 3741 cavebat,
784 3682 824 3727 ne
857 3661 1011 3747 populum
1045 3663 1223 3730 Romanum

79 3765 175 3832 nimis
196 3764 230 3830 in
252 3785 286 3830 se
307 3764 486 3832 acerbaret.
529 3767 655 3852 Itaque,
678 3768 706 3833 si
719 3767 955 3836 Macedonesin
970 3769 1113 3836 exercitu
1135 3768 1224 3835 Han·

81 3871 200 3940 nibalis
224 3878 326 3956 61616,
348 3874 474 3960 injussu
496 3875 581 3960 regis
605 3875 797 3959 militabant,
820 3897 859 3944 ac
881 3883 984 3946 totam
999 3877 1082 3943 hanc
1112 3897 1223 3952 narra·

80 3981 201 4050 tionem
225 4002 265 4046 ex
287 3983 526 4050 contumeliosis
547 3985 611 4050 illis
641 3985 737 4050 dictis
760 3990 793 4051 et
825 3984 915 4052 falsis
947 3985 1224 4054 criminationibus

81 4093 186 4155 ortam
210 4088 413 4171 crediderim,
430 4089 547 4174 quibus
571 4097 639 4156 tum
667 4090 820 4176 populum
842 4093 1020 4159 Romanum
1050 4093 1084 4157 in
1114 4112 1224 4178 regem
1262 4085 1266 4097 “

78 4195 292 4268 Macedonum
314 4193 523 4282 instigabant.
559 4197 623 4264 Sed
646 4204 797 4282 1616666,
820 4199 854 4266 id
863 4206 950 4268 certe
963 4189 1112 4286 apparet,
1124 4199 1223 4266 etiam
1304 4263 1306 4268 ,
