2834 4608
746 263 789 333 34

219 461 311 525 initio
342 458 550 526 manifestum
578 467 642 540 est,
682 455 781 522 nullis
815 454 973 520 machinis
1002 455 1102 520 talem
1141 444 1314 536 πρόληψιν

187 634 192 644 ,
219 567 372 658 scriptori
392 566 550 632 inculcari
573 587 679 653 posse.
721 566 833 648 Quare
854 573 889 630 ut
916 563 1021 629 dicam
1045 561 1133 648 quod
1164 559 1315 640 sentiam,

220 677 429 744 scribendum
459 674 605 740 videtur:
648 672 857 739 Achradinae
891 695 1039 748 murum,
1076 671 1132 759 qui
1167 679 1205 737 ut
1239 681 1315 738 ante

218 785 343 852 dietum
386 794 452 868 est,
494 784 575 848 mari
617 783 760 849 adluitur
807 781 1096 868 quinqueremibus
1135 780 1315 846 Marcellus

219 893 431 984 oppugnabat
454 891 533 976 LX;
557 914 598 957 ex
624 891 672 956 eis
693 892 828 957 navibus
851 902 883 956 et
907 912 989 976 quae
1010 885 1180 956 secuntum*
1217 889 1315 958 Gete-

217 1027 291 1068 rum
313 1005 412 1069 etiam
433 1004 467 1066 in
488 1003 613 1068 verbis:
636 1001 740 1087 ,aliae
762 1002 857 1067 binae
885 1001 1162 1087 quinqueremes‘
1199 1002 1315 1067 neseio

218 1137 258 1178 an
290 1134 446 1179 numerus
478 1111 657 1197 ePolybio
688 1111 909 1176 restituendus
934 1111 977 1176 sit
998 1109 1093 1177 VIII.
1138 1111 1208 1180 Sed
1233 1133 1315 1178 non·

218 1224 298 1289 dum
318 1224 454 1289 missum
475 1223 610 1288 facimus
633 1223 721 1288 hune
744 1222 862 1287 locum.
907 1221 1039 1286 Etenim
1062 1243 1137 1286 eum
1160 1222 1316 1288 omnibus

218 1340 365 1405 numeris
394 1338 564 1425 utriusque
593 1337 732 1404 auctoris
763 1337 966 1403 narrationes
991 1337 1077 1402 inter
1112 1358 1146 1401 se
1178 1357 1317 1403 eonsen-

217 1448 300 1514 tiant
321 1447 385 1513 hoo
399 1447 482 1530 loeo,
504 1467 581 1512 sane
597 1447 715 1511 mirum
739 1445 878 1527 videtur,
901 1444 1113 1532 quodLivius
1137 1443 1316 1534 advoeem

219 1555 334 1621 velites
357 1563 505 1621 annotat:
538 1574 675 1640 quorum
705 1555 809 1620 telum
838 1555 879 1619 ad
909 1553 1141 1619 remittendum
1163 1555 1316 1622 inhabile

225 1674 274 1730 est
293 1663 452 1750 imperitis
474 1658 634 1748 Polybius
657 1664 742 1728 enim
765 1653 884 1749 ἄνδρας
907 1660 1039 1744 ἔχοντας
1059 1657 1229 1753 γρόσφους
1259 1685 1317 1731 ex·

217 1773 310 1839 hibet
330 1773 420 1839 nulla
441 1772 709 1860 interpretatione
741 1771 861 1838 addita.
905 1771 975 1838 Sed
995 1781 1121 1838 tantum
1143 1774 1250 1858 abest,
1280 1785 1319 1840 ut

218 1881 362 1947 Livianis
395 1881 441 1948 eis
473 1880 516 1946 ad
547 1881 646 1946 alium
678 1883 801 1946 fontem
836 1881 1014 1968 aPolybio
1036 1882 1240 1968 relegamur,
1280 1893 1319 1949 ut

218 2013 340 2057 novum
373 1989 451 2055 inde
483 1989 664 2056 sententiae
694 1999 842 2069 nostrae,
874 1989 1004 2056 Livium
1033 2013 1050 2056 e
1083 1992 1215 2058 Graeco
1242 2015 1318 2058 aue·

222 2110 295 2165 tore
317 2101 472 2183 hausisse,
495 2099 694 2187 praesidium
715 2109 863 2187 petamus
887 2099 1128 2166 sustentandae.
1172 2100 1317 2182 Quando

220 2209 306 2274 enim
326 2209 442 2274 Livius
473 2210 537 2274 iam
568 2209 603 2272 in
638 2208 714 2274 libri
736 2207 822 2274 XXI
857 2209 961 2296 eapite
989 2207 1051 2274 LV
1085 2209 1126 2274 de
1149 2211 1318 2278 'velitibus

222 2321 370 2408 exponit,
395 2319 512 2386 omissa
524 2340 562 2384 ea
577 2319 856 2405 interpretatione,
877 2318 1031 2405 idemque
1047 2319 1081 2383 in
1094 2319 1172 2386 libri
1188 2319 1318 2389 XXIII

222 2429 328 2518 capite
347 2427 465 2494 XXIX
499 2450 611 2495 eorum
641 2429 839 2494 mentionem
871 2429 964 2512 feeit,
992 2451 1058 2495 non
1078 2428 1191 2495 addita
1213 2453 1317 2497 anno·

220 2539 355 2622 tatione,
383 2560 440 2603 our
462 2538 525 2603 boe
546 2539 618 2605 loeo
641 2539 824 2604 accuratius
851 2537 891 2604 de
913 2539 960 2604 eis
983 2538 1214 2604 disserendum
1239 2561 1314 2607 esse

218 2646 396 2734 putaverit,
418 2668 547 2712 oausam
570 2669 637 2712 non
659 2646 756 2713 video
777 2647 839 2712 nisi
862 2668 943 2730 eam,
966 2647 1055 2733 quod
1076 2649 1110 2713 in
1135 2649 1228 2714 fonte
1253 2673 1329 2736 suo¹

218 2775 335 2820 vocem
355 2755 482 2820 invenit
501 2755 748 2841 inusitatiorem,
780 2777 862 2841 quae
891 2756 1137 2846 interpretanda
1169 2759 1201 2824 ei
1224 2760 1317 2827 vide-

219 2873 319 2929 retur.
363 2865 476 2950 Atque
494 2877 571 2930 'eam
594 2865 728 2951 quidem
748 2860 893 2953 yqdooog
914 2867 1014 2932 fuisse
1037 2867 1315 2936 verisimillimum

221 2982 271 3038 est
283 2973 318 3057 ¹).
360 2972 402 3037 In
435 2973 501 3057 eis,
536 2995 619 3059 quae
642 2973 747 3039 adhue
766 2975 1036 3062 perlustravimus
1059 2978 1145 3065 apud
1154 2977 1316 3064 t'Livium,

220 3103 329 3169 neque
352 3082 427 3147 talia
445 3084 638 3171 reperimus,
662 3105 755 3170 quae,
777 3105 853 3148 eum
874 3083 980 3150 aliena
1004 3095 1114 3152 essent
1136 3087 1315 3174 aPolybio

221 3211 264 3254 ex
286 3191 351 3256 alio
373 3191 465 3258 fonte
491 3192 607 3300 hausta
635 3202 862 3278 statueremus,
901 3203 932 3259 et
961 3194 1080 3260 iudicia
1109 3217 1317 3285 nequaquam

290 3473 316 3539 1)
336 3469 467 3527 Ceterum
494 3473 570 3543 quod
588 3474 834 3534 Weissenboruius
861 3477 1126 3548 interpretationem
1144 3497 1206 3536 eam
1223 3480 1315 3538 Livia·

218 3583 282 3620 nam
306 3568 493 3640 aPolybiana
515 3571 674 3642 discrepare
691 3573 771 3642 dicit,
802 3592 883 3644 quam
909 3575 938 3632 iu
965 3576 1031 3630 libri
1051 3575 1086 3632 VI
1112 3578 1205 3648 eapite
1237 3579 1315 3634 XXII

218 3665 378 3732 proposuit:
397 3663 427 3720 τὸ
447 3667 479 3720 δὲ
498 3662 633 3741 γρόσφων
653 3673 733 3740 βέλος
753 3672 810 3748 ἔχει
827 3674 864 3743 τῷ
883 3673 938 3745 μὲν
949 3667 1031 3746 μήκει
1049 3671 1080 3728 τὸ
1099 3668 1178 3736 ξύλον
1195 3674 1233 3736 ὥς
1256 3678 1314 3730 ἐπί-

219 3777 277 3815 παν
295 3759 405 3832 δίπηχυ,
425 3763 463 3815 τῶ
490 3762 522 3816 δὲ
548 3758 631 3835 πάχει
659 3765 843 3834 δακτυλιαῖον,
870 3765 901 3822 τὸ
929 3768 961 3822 δὲ
986 3774 1099 3840 κέντρον
1117 3777 1312 3844 σπιθαμιαῖον,

218 3852 286 3908 κατὰ
302 3857 442 3920 τοσοῦτον,
467 3858 514 3910 ἐπὶ
540 3857 641 3916 λεπτὸν
663 3863 849 3934 ἔξηλασμένον
873 3867 919 3917 ναὶ
938 3866 1147 3937 συνωξυσμένον
1166 3862 1237 3921 ὥστε
1255 3864 1310 3921 κατ’

218 3944 341 4020 ἀνάγκην
370 3949 471 4013 εὐθέως
495 3951 551 4010 ἀπὸ
577 3957 624 4024 τῆς
646 3953 754 4028 πρώτης
772 3959 890 4032 ἐμβολῆς
904 3956 1083 4032 κάμπτεσθαι
1101 3966 1149 4015 ιιαλ
1167 3961 1208 4035 μὴ
1231 3959 1311 4021 δύνα-

220 4052 288 4100 σθαι
308 4046 370 4110 τοὺς
388 4052 536 4124 πολεμίους
554 4048 732 4122 ἀναβάλλειν,
761 4055 883 4110 animum
899 4073 956 4111 non
973 4056 1096 4111 attendit
1115 4057 1151 4112 ad
1169 4077 1211 4125 ea,
1244 4080 1312 4132 quae

218 4143 298 4197 addit
314 4144 462 4213 Polybius:
484 4152 508 4202 at
525 4149 557 4204 dl
577 4147 617 4222 μὴ
637 4148 731 4208 κοινὸν
747 4158 867 4222 γίγνεται
886 4152 917 4209 τὸ
937 4157 1023 4222 βέλος.
