2834 4608
757 194 797 260 75

230 336 285 404 Ibi
317 367 388 415 cum
420 355 460 423 de
491 366 618 450 proelio
651 372 690 437 ad
724 376 907 450 Metaurum
931 386 1019 454 iacto
1049 405 1208 480 exponat,
1231 419 1317 463 com·

228 467 345 532 parare
359 457 436 530 licet
450 469 670 559 fragmentum
687 485 904 574 Polybianum
918 498 1004 584 apud
1019 501 1210 570 Belkarum
1224 508 1273 589 11,
1288 510 1315 574 1.

227 553 299 622 Sed
320 577 495 645 accuratius
520 585 615 652 nobis
641 589 892 682 inspicientibus
914 605 1026 675 Livius
1059 634 1125 678 non
1150 614 1314 681 videbitur

226 685 246 728 e
269 668 407 760 Polybio
426 685 580 760 hausisse.
619 700 788 772 Permulta
809 713 893 778 onim
916 717 1033 783 abillo
1056 723 1173 789 omissa
1195 724 1312 790 Roma-

222 797 287 842 nus
310 805 420 855 rernm
444 800 583 889 scriptor
610 810 752 882 exhibet.
796 819 847 886 Ita
876 846 959 891 unus
990 827 1088 895 habet
1116 831 1257 916 Ligures
1278 834 1311 900 in

220 889 428 966 medicante
452 908 641 998 elephantos
662 921 763 991 fuisse
789 930 971 1003 collocatos.
1002 936 1106 1004 Porro
1130 943 1310 1007 narratiun-

217 997 313 1066 culae
334 1003 434 1094 illius,
454 1017 644 1108 elephantos
665 1034 704 1098 ab
727 1035 806 1124 ipsis
827 1044 1009 1111 rectoribus
1023 1047 1213 1115 interiectos
1235 1073 1307 1116 esse

214 1107 304 1189 apud
325 1112 502 1204 Polybium
519 1153 580 1198 nec
602 1141 777 1229 vestigium
798 1171 859 1216 nec
880 1153 954 1217 vola
977 1163 1078 1220 extat.
1103 1155 1307 1246 Quamquam

213 1233 288 1279 cum
310 1217 345 1284 in
362 1228 549 1302 universum
561 1243 602 1309 ad
615 1246 736 1318 Gracci
750 1277 859 1324 rerum
874 1262 1045 1348 scriptoris
1058 1263 1305 1332 similitudinem

191 1319 347 1396 'Liviana
360 1342 504 1408 narratio
520 1369 701 1441 comparata
716 1363 875 1453 videatur,
896 1371 1085 1437 coniectura
1103 1373 1137 1438 in
1149 1384 1306 1462 promptu

208 1440 388 1516 catallum
411 1447 567 1524 hocloco
592 1485 609 1528 c
631 1477 793 1543 communi
826 1481 917 1546 fonte
941 1489 1118 1568 utrumque
1145 1483 1303 1548 hausisse.

306 1545 375 1616 Iam
405 1578 479 1624 cum
505 1565 545 1632 ad
570 1571 666 1642 finem
691 1581 766 1651 libri
788 1588 927 1656 XXVII
951 1603 1147 1679 perventum
1168 1590 1227 1674 sit,
1249 1590 1304 1654 hic

204 1649 386 1725 subsistere
406 1669 502 1737 nobis
523 1676 630 1751 liceat.
661 1687 711 1756 De
735 1699 855 1763 ceteris
877 1700 945 1765 eius
967 1699 1100 1766 decadis
1122 1699 1215 1764 libris
1239 1699 1303 1760 dis-

201 1763 328 1843 PUiflfiO
358 1781 539 1850 accuratior
575 1789 608 1856 in
640 1799 780 1870 futuram
811 1808 1087 1896 opportunitatem
1118 1803 1305 1870 differenda

198 1865 340 1941 videtur.
