2834 4608
713 177 756 246 22

183 361 332 450 inprimis
353 363 452 428 rebus
474 363 515 428 ab
537 385 574 430 eo
595 362 739 430 dissidet.
773 363 839 428 Hic
861 363 946 428 enim
965 385 1040 428 cum
1057 371 1189 450 pactum
1210 384 1284 428 esse

187 470 315 554 tradat,
347 481 382 535 nt
416 469 590 558 Philippus
624 492 699 534 cum
733 468 883 536 ducentis
916 469 1052 535 navibus
1086 468 1122 532 in
1155 467 1288 534 Italiam

184 580 348 665 traiceret,
362 579 473 646 nullus
493 580 534 644 de
559 600 597 644 ca
620 599 657 644 re
679 589 729 644 est
740 578 910 665 Polybius.
932 579 1037 644 Porro
1049 577 1162 644 Livius
1184 576 1231 641 ita
1244 577 1286 642 de

185 688 309 776 praeda
331 709 416 773 quac
437 695 524 752 esset
545 688 654 751 futura
682 687 767 755 iuter
789 686 1008 764 Hannibalem
1027 684 1289 770 Philippumque

184 798 373 864 convenisse
407 795 498 879 dicit,
531 806 566 860 ut
595 795 691 860 Italia
720 797 841 862 Poenis
864 794 1083 876 addiceretur,
1140 793 1288 862 Graecia

186 930 261 972 cum
283 907 400 972 insulis
419 905 460 970 ad
481 906 710 972 Macedoniam
732 907 947 992 vergentibus
968 906 1135 992 Philippo.
1160 904 1290 973 Contra

182 1014 344 1101 Polybius
374 1015 521 1100 quamvis
553 1024 586 1079 et
616 1015 686 1101 ipse
710 1036 764 1079 cas
793 1013 914 1078 insulas
942 1013 1034 1105 testis
1067 1015 1107 1079 sit
1128 1013 1288 1102 Philippo

183 1145 356 1190 concessas
390 1146 462 1189 esse
495 1126 534 1189 ab
562 1123 761 1204 Hannibale,
793 1131 904 1187 tamen
936 1144 1044 1208 neque
1080 1123 1123 1188 de
1156 1123 1287 1188 exstin-

184 1233 318 1322 guendo
340 1235 471 1300 nomine
493 1233 642 1300 Romano
669 1256 777 1319 neque
801 1233 842 1300 de
867 1257 994 1300 summo
1017 1231 1199 1299 occidentis
1223 1230 1285 1296 im-

182 1343 275 1432 perio
297 1343 383 1408 inter
406 1344 529 1410 socium
552 1354 726 1430 utrumque
747 1343 920 1432 partiendo
951 1341 1129 1428 quidquam
1151 1363 1287 1430 compo·

183 1453 282 1520 situm
315 1475 387 1519 esse
417 1455 488 1518 volt
500 1455 535 1536 1).
586 1453 655 1522 Sed
684 1454 787 1518 altera
821 1451 1056 1540 discrepantia,
1091 1451 1287 1540 scrupulum

183 1561 329 1629 residere
350 1565 385 1628 in
405 1564 513 1628 animo
536 1563 701 1646 concedo,
722 1585 802 1628 num
823 1562 903 1626 talis
928 1561 979 1644 sit,
998 1570 1035 1626 ut
1057 1558 1098 1626 de
1116 1560 1191 1626 Livi
1212 1563 1286 1626 fon-

184 1671 271 1737 tibus
294 1673 498 1760 inquirentes
512 1673 553 1740 ad
569 1673 669 1740 alium
685 1683 782 1760 atquc
800 1671 976 1757 Polybium
998 1672 1188 1757 relegamur
1208 1693 1287 1736 aue·
1363 1726 1370 1736 .

184 1791 299 1846 torem.
343 1780 428 1848 Nam
449 1782 578 1867 quando
600 1781 662 1847 nisi
683 1782 754 1870 ipsa
777 1779 921 1847 foederis
944 1779 1090 1846 formula
1110 1778 1197 1844 nihil
1216 1779 1287 1844 Po-

184 1891 339 1975 lybianae
371 1891 566 1959 narrationis
596 1900 762 1956 servatum
794 1900 855 1974 cst,
886 1912 963 1958 sano
996 1890 1100 1978 possit
1133 1888 1282 1974 cogitari,

185 2001 367 2088 posteriorc
396 2003 469 2068 loco
501 2002 668 2070 Graecum
699 2002 892 2089 scriptorem
923 1999 965 2065 de
989 1997 1121 2064 navium
1143 2020 1284 2064 numero

184 2111 287 2174 verba
308 2111 436 2176 fecisse.
471 2113 524 2176 Ac
547 2132 720 2176 numerum
738 2109 872 2198 quidem
892 2133 912 2174 a
926 2109 1022 2175 Livio
1043 2108 1198 2174 traditum
1216 2129 1285 2174 non

185 2221 326 2286 alionum
345 2243 416 2286 esse
439 2221 556 2299 abeis,
583 2243 666 2306 quae
686 2242 704 2286 e
726 2220 866 2305 Polybio
893 2217 934 2284 de
958 2217 1049 2304 regis
1073 2228 1280 2306 compertum

185 2328 341 2395 habemus
361 2330 460 2394 rebus
484 2329 652 2395 maritimis
680 2329 775 2402 facile
804 2327 1021 2414 intellegitur.
1069 2327 1121 2392 Ita
1146 2326 1181 2392 in
1207 2326 1283 2392 libri

187 2438 290 2524 quinti
310 2438 471 2524 Polybius
494 2439 600 2527 capite
617 2438 698 2505 CIX
720 2438 911 2525 Philippum
934 2446 1045 2504 narrat
1072 2458 1147 2502 cnm
1180 2437 1284 2525 Apol-

185 2547 307 2613 loniam
324 2547 579 2633 ¹aggrederetur
622 2543 737 2616 ἑκατὸν
758 2546 910 2630 'dipticae
939 2539 1131 2629 Ἰλλυρικοῦς
1172 2568 1283 2612 secum

184 2656 347 2722 habuisse.
394 2657 483 2739 Quas
509 2657 643 2744 quidem
663 2681 739 2727 oum
763 2657 803 2722 ad
824 2657 930 2744 proeli
952 2656 1078 2723 navalis
1100 2678 1194 2722 usum
1216 2677 1283 2724 non

185 2765 361 2832 instructas
384 2766 485 2833 fuisse
506 2767 595 2832 idem
624 2767 666 2832 sit
696 2767 800 2851 t'estis,
822 2765 945 2854 duplici
973 2787 1109 2834 numero
1131 2785 1282 2853 sperasse

184 2894 300 2958 regem
321 2895 355 2938 se
377 2874 532 2940 Romanis
554 2897 668 2963 parem
690 2897 762 2940 esse
784 2874 930 2944 futurum
950 2873 1121 2962 probabile
1144 2883 1203 2940 est.
1232 2873 1281 2942 Si·

178 2969 307 3048 ⁸militer
330 2981 371 3048 de
399 2985 501 3049 altera
525 3006 653 3072 quoque
678 2985 907 3072 discrepantia,
930 3006 1027 3070 quam
1046 2983 1132 3048 inter
1156 2992 1280 3048 utrum·

187 3113 249 3176 que
280 3103 446 3160 auctorem
478 3094 617 3160 vidimus
647 3092 926 3178 intercedentem,
958 3093 1167 3158 iudicandum
1197 3115 1277 3169 esse,
1330 3129 1333 3134 ·

185 3203 322 3268 fortasse
353 3203 470 3290 aliquis
501 3203 562 3270 sibi
594 3204 805 3293 persuaserit.
846 3203 932 3270 Nam
955 3203 1043 3288 quod
1066 3201 1100 3266 in
1122 3200 1194 3289 ipsa
1215 3203 1282 3268 foe·

187 3309 272 3376 deris
295 3311 435 3378 formula
456 3313 679 3401 supersederit
699 3313 869 3379 Hannibal
890 3312 932 3378 dc
953 3311 1075 3398 praeda
1098 3310 1280 3378 accuratius
1388 3343 1389 3398 t

186 3418 305 3508 pacisci
329 3444 404 3512 cum
427 3421 581 3510 Philippo
614 3445 681 3488 non
710 3431 777 3506 est,
801 3445 859 3488 cur
889 3421 1055 3498 miremur.
1109 3419 1281 3500 Quomodo
1388 3407 1389 3478 l

186 3528 272 3594 enim
317 3540 353 3594 ut
392 3532 579 3596 societatem
623 3553 733 3596 secum
775 3530 875 3598 iniret
913 3529 1078 3596 adducere
1114 3529 1278 3618 potuisset

187 3658 280 3720 cum,
318 3637 345 3702 si
378 3647 479 3703 totam
509 3639 640 3704 Italiam
669 3641 824 3727 praedam
856 3626 1079 3706 vindicasset?
1146 3639 1279 3706 Etenim

286 3874 313 3945 1)
331 3874 428 3929 confer
443 3875 529 3930 verba
548 3875 623 3945 apud
639 3876 796 3932 Bekkerum
814 3895 841 3947 p.
854 3880 946 3940 5571.
961 3878 1009 3932 30:
1029 3873 1078 3932 ἐὰν
1099 3875 1130 3930 δὲ
1151 3881 1281 3948 αἴρωνται
1388 3939 1389 3968 1

185 3969 311 4043 Ῥωμαῖοι
328 3969 398 4042 πρὸς
410 3969 482 4044 ὑμᾶς
494 3965 648 4044 adleuauit
665 3971 735 4044 πρὸς
746 3971 826 4045 ἡμᾶς,
846 3969 1024 4045 βοηθήσομεν
1037 3968 1158 4040 ἀλλήλοις
1177 3977 1215 4032 εἰς
1233 3969 1282 4028 τὸν

181 4061 322 4140 πόλεμον,
342 4066 434 4128 καθὼς
453 4061 488 4123 ἂν
508 4069 645 4140 ἑκατέροις
665 4061 683 4142 ᾖ
699 4075 787 4140 χρεία.
1388 4057 1389 4150 l

1388 4151 1389 4176 l

1373 4477 1389 4564 l
