2834 4608
723 247 765 316 le

209 431 434 500 Beneventum
454 441 631 521 acceptam.
675 433 728 498 De
751 433 864 498 eadem
898 455 934 500 re
963 437 1114 502 conferre
1137 435 1216 501 licet
1233 437 1306 523 Ap·

207 542 340 630 pianum
356 545 389 621 ¹).
446 539 530 606 llum
562 540 643 606 alios
681 542 867 608 abhibuisse
900 544 1007 610 fontes
1043 551 1141 629 atque
1175 543 1304 610 Livium

209 650 293 718 illud
316 661 364 717 est
385 651 591 735 documento,
618 650 705 738 quod
729 674 795 716 non
817 651 990 718 Hannonis
1013 653 1072 718 scd
1093 653 1196 741 ipsius
1216 653 1305 719 Han·

206 761 323 828 nibalis
344 771 447 826 castra
472 768 661 845 expugnata
686 782 757 826 esse
779 770 899 828 narrat.
952 759 1049 828 Sicut
1072 761 1112 828 de
1137 762 1182 827 eis
1206 764 1305 828 rebus

209 872 329 958 Polybi
362 871 427 936 iam
450 894 516 936 non
537 880 626 936 extat
647 872 866 938 testimonium
896 873 940 936 ita
965 872 1053 960 quod
1078 873 1176 938 etiam
1199 873 1233 939 iu
1255 894 1305 937 se-

207 982 383 1069 quentibus
402 982 459 1047 ubi
469 980 583 1046 Livius
598 964 816 1048 Thurinorum
838 992 871 1046 et
884 981 1183 1069 Metapontinorum
1205 981 1307 1048 tradit

207 1091 429 1158 defectionem
462 1112 651 1177 comparare
684 1113 759 1156 cum
789 1113 854 1156 non
876 1112 1062 1178 possumus,
1092 1112 1169 1156 saue
1189 1089 1307 1156 dolen-

208 1201 286 1266 dum
319 1209 377 1266 est.
430 1198 560 1266 Etenim
590 1200 719 1266 Livium
751 1201 850 1266 etiam
892 1200 925 1265 in
958 1200 1059 1265 hacce
1094 1200 1306 1266 historiarum

209 1310 368 1398 particula
393 1309 538 1399 pendere
562 1331 579 1374 e
601 1309 743 1395 Polybio
765 1332 835 1376 eam
859 1309 1048 1396 suspicandi
1072 1309 1227 1394 habemus
1249 1332 1306 1374 an-

122 1484 126 1490 .
208 1443 285 1501 sam,
305 1419 393 1508 quod
413 1417 447 1484 iu
472 1419 583 1506 capitis
600 1418 666 1484 XV
688 1419 893 1506 paragrapho
917 1419 988 1484 VH
1013 1419 1106 1484 dicit:
1130 1419 1192 1483 hoc
1216 1419 1306 1484 idem

207 1528 320 1595 eadem
355 1552 412 1594 ora
445 1527 542 1593 maris
575 1537 607 1592 et
637 1527 776 1593 Thurini
811 1531 975 1594 fecerunt.
1018 1527 1119 1592 movit
1157 1549 1214 1592 eos
1237 1549 1305 1594 nou
1393 1577 1394 1596 1

208 1637 460 1704 Tarentinorum
481 1638 585 1724 magis
610 1636 751 1704 defectio
766 1637 1130 1724 Metapontinorumque
1154 1636 1306 1724 quibus

206 1747 396 1814 indidem
427 1770 477 1814 ex
499 1747 662 1814 Achaia
690 1746 867 1813 oriundi
892 1745 1018 1812 etiam
1043 1747 1308 1831 cognatione

207 1856 345 1924 iuncti
378 1866 499 1922 erant
532 1879 628 1941 quam
660 1856 710 1922 ira
741 1856 776 1923 in
808 1855 970 1922 Romanos
1008 1863 1142 1944 propter
1174 1853 1305 1921 obsides

207 1989 312 2054 nuper
342 1966 541 2034 interfectos.
596 1967 689 2034 Talia
721 1967 806 2033 euim
838 1967 879 2033 de
911 1966 1112 2034 Graecarum
1149 1965 1181 2030 iu
1203 1965 1302 2029 Italia

207 2076 407 2142 coloniarum
435 2076 564 2164 origine
587 2099 702 2164 pamm
726 2086 775 2141 est
794 2076 975 2142 verisimile
995 2073 1126 2140 Livium
1150 2095 1168 2139 e
1189 2074 1306 2141 Roma-

207 2207 323 2250 norum
357 2185 520 2252 annalium
553 2185 764 2272 scriptoribus
796 2184 969 2250 desumere
996 2183 1150 2271 potuisse.
1195 2183 1306 2266 Quam

209 2295 427 2382 suspicionem
460 2295 612 2380 adauget,
646 2295 734 2380 quod
759 2293 945 2383 Appianas,
984 2314 1080 2378 quem
1115 2293 1147 2357 in
1183 2291 1304 2358 descri-
1395 2317 1396 2330 ¹

207 2398 314 2472 benda
325 2404 576 2470 Tarentinorum
599 2403 782 2470 defectione
796 2404 904 2470 fontes
926 2403 1090 2470 Romanoa
1113 2401 1299 2468 adhibuisse

205 2514 383 2601 probabilis
407 2524 456 2580 est
478 2515 676 2596 coniectura,
707 2514 803 2581 etiam
833 2513 895 2580 hoc
923 2513 994 2579 loco
1020 2511 1223 2599 discrepata
1247 2509 1301 2576 Li·

204 2623 272 2706 vi0,
289 2624 430 2710 quicum
446 2645 546 2688 naves
558 2623 723 2689 frumento
741 2633 872 2690 onustas
887 2623 974 2687 inter
985 2622 1128 2686 hostium
1141 2621 1305 2688 custodias

204 2732 238 2798 in
263 2742 392 2820 portum
415 2733 628 2799 Tarentinum
654 2734 783 2798 venisse
805 2742 929 2816 narret,
962 2731 1132 2819 Appianus
1147 2732 1173 2815 2)
1204 2729 1303 2795 aTa·

205 2841 342 2907 rentinis
361 2843 558 2929 interceptas
580 2863 633 2907 eas
656 2862 727 2907 esse
755 2841 866 2907 refert.
909 2839 990 2906 Inde
1015 2841 1055 2905 ab
1078 2848 1227 2905 extremo
1251 2861 1301 2904 ca-

210 2950 278 3037 pite
301 2949 366 3016 XV
388 2971 461 3014 cum
484 2949 524 3016 ad
548 2949 749 3016 obsidionem
775 2949 907 3037 Capuae
928 2948 1041 3016 Livius
1071 2958 1188 3036 pergat
1208 2970 1298 3014 enar

203 3059 339 3125 randam
363 3058 404 3124 de
415 3058 465 3125 Ti.
479 3059 620 3128 Gracchi
644 3067 748 3125 morte
770 3059 916 3147 exponit,
940 3058 981 3124 de
1004 3057 1299 3145 quaPolybianum

204 3170 355 3234 conferre
376 3168 454 3233 licet
486 3168 707 3252 fragmentum
738 3167 824 3254 apud
846 3168 1037 3234 Behherum
1060 3193 1091 3255 p.
1107 3167 1186 3232 1566.
1231 3167 1299 3234 Sed

204 3299 278 3342 cum
301 3277 421 3343 multus
454 3276 495 3342 sit
514 3277 628 3342 Livius
650 3277 683 3342 iu
720 3299 758 3342 ea
784 3299 820 3342 re
844 3277 1027 3342 enarranda
1049 3277 1210 3364 Polybius
1230 3277 1302 3343 bre-

201 3387 286 3452 viter
311 3385 497 3454 Gracchum
517 3394 668 3461 annotat,
689 3386 815 3454 insidiis
845 3385 1122 3470 circumventum,
1154 3387 1297 3454 occisum

203 3516 284 3578 esse,
317 3495 554 3581 digressionem
587 3495 645 3562 sibi
668 3495 847 3582 indulgens
871 3497 1056 3582 longiorem
1081 3497 1121 3562 de
1143 3497 1293 3562 cautione

203 3627 223 3668 a
244 3604 379 3670 ducibus
402 3605 511 3670 ubivis
532 3604 727 3672 adhibenda.
770 3605 887 3691 Itaque
911 3629 982 3670 cum
1012 3606 1082 3692 ipsa
1110 3605 1232 3692 Polybi
1256 3604 1300 3670 rei

204 3715 365 3780 enarratio
400 3715 441 3780 ad
461 3723 604 3782 nostram
636 3739 703 3784 non
724 3715 914 3801 pervenerit
946 3723 1093 3796 aetatem,
1125 3735 1245 3780 vereor
1265 3725 1298 3780 ut

202 3823 243 3890 ad
264 3824 424 3914 liquidum
459 3825 561 3913 possit
597 3825 734 3912 perduci
769 3845 853 3910 quae
889 3823 970 3890 ratio
1004 3825 1090 3890 inter
1126 3833 1299 3911 utrumque

275 4077 300 4145 1)
319 4077 439 4147 Appian.
461 4077 527 4133 bell.
548 4075 669 4134 Haunib.
687 4093 710 4132 c.
730 4079 774 4136 ³7.
833 4089 835 4094 '

274 4176 301 4240 2)
323 4173 443 4243 Appian.
465 4174 530 4229 bell.
552 4175 671 4230 Hannib.
692 4192 716 4228 c.
737 4177 778 4231 34.
