2834 4608
663 239 685 304 9

126 429 231 506 paret,
255 420 383 488 [isium
407 422 561 489 hocloco
591 441 632 488 ex
658 423 774 488 eodem
795 399 1065 507 fontehsusisse,
1097 423 1218 508 quoin

127 549 262 615 pugnae
284 529 467 599 Cannensis
488 531 712 620 descriptione
733 555 810 598 usus
834 543 892 600 est.
924 533 1007 600 Nem
1029 533 1113 598 siout
1132 533 1177 599 ibi
1191 536 1216 616 ²)

127 648 257 726 septem
278 639 367 706 milia
394 642 564 708 hominum
595 651 706 708 narrat
736 664 779 708 ex
804 665 842 709 eo
865 642 990 730 proelio
1024 643 1059 707 in
1093 643 1219 706 minora

127 759 233 816 castra
252 753 447 840 perfugisse,
477 754 593 819 docem
623 753 658 818 in
688 753 821 836 maiora,
855 752 899 818 its
928 775 1000 818 cum
1022 752 1068 820 M.
1088 749 1218 816 Iunium

127 859 332 945 captivorum
361 861 514 928 virtutem
542 862 670 950 proelio
704 865 945 950 comprobatam
975 861 1218 951 praedicantem

126 966 235 1052 facist,
265 989 342 1034 sane
374 970 436 1036 sibi
471 971 532 1059 ipsi
562 982 611 1036 est
643 979 806 1038 constans.
861 970 985 1039 Contra
1006 969 1164 1058 Polybius
1182 973 1218 1051 ²),

128 1077 282 1162 quoniam
311 1102 432 1166 paucos
456 1101 475 1144 c
496 1081 622 1168 proelio
643 1091 798 1162 servatos,
830 1080 889 1146 sed
915 1080 1029 1146 decem
1052 1078 1141 1145 milis
1157 1078 1219 1144 bo·

126 1187 291 1278 minuma
314 1189 451 1256 ducibus
473 1191 626 1257 Romanis
645 1192 680 1257 in
703 1190 820 1256 castris
838 1192 971 1256 relictos
994 1213 1067 1256 esse
1089 1187 1219 1256 nuntia-

126 1298 185 1380 vit,
209 1279 294 1386 quod
315 1299 499 1387 epud'eum
520 1302 614 1366 aliter
636 1309 734 1386 atque
757 1299 844 1389 spud
863 1300 992 1366 Livium
1015 1298 1218 1387 captivorum

126 1429 183 1474 res
216 1419 399 1497 comparate
429 1410 569 1493 videtur,
598 1434 665 1476 non
694 1421 752 1493 est,
786 1433 845 1476 cur
876 1411 1042 1476 miremur.
1065 1447 1105 1456 -
1127 1410 1219 1492 Quae

127 1527 206 1606 post
224 1519 264 1583 M.
283 1519 355 1584 Iuni
388 1521 565 1586 orationem
599 1520 639 1586 de
661 1520 799 1586 diversis
832 1529 1018 1585 senatorum
1048 1517 1219 1584 sententiis

127 1627 267 1714 protulit
295 1627 424 1713 Livius,
459 1629 619 1718 Polybius
651 1630 749 1716 plane
782 1629 898 1696 omisit.
942 1627 1095 1695 ΙᾶοιιιΤζ
1118 1626 1219 1693 Manli

128 1733 287 1823 Torquati
303 1737 514 1822 orationem,
546 1763 608 1826 qua
635 1739 839 1826 captivorum
871 1737 1134 1825 redemptionem
1156 1735 1218 1800 dis·

128 1845 268 1912 suaserit
290 1845 419 1911 silentio
444 1847 621 1934 praeteriit.
667 1849 873 1934 Quemquam
896 1855 1064 1934 postremo
1085 1843 1220 1932 propius

73 2009 85 2020 ,
127 1954 260 2022 Livium
282 1955 325 2021 ud
350 1957 553 2043 Polybisnse
573 1956 769 2023 narrationis
790 1955 1037 2024 similitudinem
1061 1952 1220 2020 accedere

128 2063 375 2130 concedendum
403 2064 543 2130 uidetur.
585 2065 638 2131 Ita
666 2067 702 2130 in
738 2087 778 2130 eo
810 2064 1036 2144 consentiunt,
1068 2083 1170 2128 unum
1201 2067 1234 2126 e*

127 2174 313 2260 legatorum
346 2196 498 2258 numero,
535 2175 622 2260 quod
656 2175 767 2240 fallaci
802 2175 837 2241 in
867 2181 972 2239 eastra
1004 2171 1112 2236 reditu
1148 2169 1220 2235 iure

128 2282 268 2348 iurando
292 2301 327 2348 se
344 2283 548 2368 exsolvisset,
576 2283 707 2350 domum
729 2283 855 2350 abiisse.
879 2278 1220 2368 Quem-comproben-

125 2414 201 2458 sum
222 2401 362 2478 uterque
386 2402 436 2457 est
461 2394 554 2458 testis
576 2395 744 2459 consuisse
765 2403 913 2460 senatum
932 2390 974 2457 sd
997 2388 1220 2456 Hannibalem

130 2498 363 2566 deducendum
385 2509 466 2568 e'sse'.
510 2501 627 2589 Neque
650 2517 730 2567 vero
756 2503 791 2568 in
815 2498 1032 2589 exponendis·
1051 2497 1159 2566 censis
1179 2497 1221 2566 de

129 2608 248 2696 quibus
275 2632 340 2676 non
368 2610 555 2676 redimendi
587 2609 706 2698 captivi
741 2609 801 2676 visi
836 2610 901 2676 siut
929 2606 1222 2674 inter'Livium'et

130 2717 309 2804 Polybium
333 2719 579 2786 similitudinem
603 2719 763 2804 quandam
786 2742 851 2784 non
871 2718 1080 2786 intercedere
1100 2714 1220 2784 Graeci

126 2847 240 2892 rerum
261 2829 427 2916 soriptoris
442 2832 554 2896 „verba
573 2830 693 2896 docent
716 2851 788 2894 oum
809 2829 952 2895 Li'vianis
984 2835 1169 2916 comparata
1184 2825 1220 2908 ⁸).

133 2989 331 3000 *ιι-υνμ-

152 3175 154 3180 ,
201 3107 229 3174 ι)
247 3104 342 3161 Livius
360 3108 440 3162 xxn
457 3126 480 3163 ι.
499 3111 533 3164 ιο
552 3111 567 3172 s
586 3111 627 3167 13.

200 3201 228 3272 2)
245 3201 378 3272 Polybius
397 3204 437 3257 IlI
456 3223 479 3259 c.
499 3207 560 3259 117.
599 3205 709 3260 Bekksr
726 3221 790 3274 pag.
808 3205 859 3259 295
879 3206 907 3258 et
926 3205 985 3258 teo.

199 3301 227 3365 3)
245 3297 377 3368 Polybius
402 3301 448 3356 Vl.
481 3303 524 3356 58.
561 3301 670 3356 Bekker
697 3319 763 3372 pag.
783 3301 834 3357 549
854 3317 880 3353 v·
900 3299 948 3356 22:
974 3295 1041 3352 ἀλλὰ
1067 3291 1221 3356 συνιδόντες

127 3389 177 3462 τὴν
188 3384 304 3462 {raison
321 3391 464 3467 πρόθεσιν,
494 3393 535 3450 ὅτι
555 3391 677 3466 βούλεται
705 3395 750 3450 διὰ
768 3397 815 3464 τῆς
837 3391 961 3467 πράξεως
977 3389 1071 3463 ταύτης
1089 3389 1148 3466 ἅμα
1166 3392 1221 3465 μὲν

125 3487 279 3560 ἐὐπορῆσαι
298 3487 446 3563 χρημάτων
472 3488 531 3566 ἅμα
555 3495 589 3550 δὲ
611 3491 642 3549 τὸ
660 3489 809 3566 φιλότιμον
828 3493 859 3548 ἔν
875 3499 935 3553 ταῖς
949 3487 1054 3566 μάχαις
1080 3485 1221 3551 sesemen

127 3587 184 3640 τῶν
201 3580 441 3658 ἀντιταττομένων,
474 3586 618 3650 ὑποδείξας
642 3584 684 3644 ὅτι
704 3595 759 3648 τοῖς
783 3586 941 3660 ἡττημένοις
959 3583 1035 3660 ὅμως
1058 3587 1134 3646 ἐλπὶς
1153 3581 1240 3664 ἄτιονΙ

128 3685 248 3738 λείπεται
265 3684 312 3752 τῆς
329 3690 463 3756 octuplos*
477 3689 548 3740 urb:
566 3687 662 3742 Livius
681 3703 705 3741 o·
725 3689 775 3741 61:
794 3691 907 3758 praeter
925 3684 1082 3754 exemplum
1099 3681 1221 3738 civitatis

48 3805 51 3810 ·
128 3779 244 3834 minime
269 3779 299 3832 in
326 3781 450 3849 captivos
482 3783 539 3836 iam
572 3785 726 3854 antiquitus
753 3781 923 3854 indulgentis
950 3773 1084 3852 pecuniae
1112 3796 1221 3850 quoque
1323 3763 1328 3838 ,⁵

131 3892 238 3932 summa
256 3875 381 3930 homines
399 3879 537 3948 movebat,
564 3898 618 3949 qus
635 3899 686 3934 nee
706 3880 842 3935 aerarium
864 3879 1018 3942 exhaurire,
1047 3895 1147 3948 magna
1166 3875 1222 3932 ism

130 3989 237 4027 summa
254 3975 372 4043 erogata
400 3975 429 4028 in
456 3993 550 4030 servos
577 3975 612 4031 ad
635 3977 763 4030 militiam
790 3975 921 4030 emendos
947 3973 1150 4043 armandosque
1169 3990 1221 4029 nec

128 4068 314 4123 Hannibalem
332 4071 450 4126 maxime
474 4073 555 4127 huius
574 4074 622 4138 rei,
653 4080 685 4127 ut
703 4074 777 4127 famu
796 4077 865 4138 erat,
897 4075 1026 4143 egentem
1052 4069 1220 4141 locupletari

129 4165 268 4220 volebant.
