2834 4608
658 264 699 328 47

131 455 199 511 tam
231 467 302 512 esse
330 455 441 512 narrat
463 448 507 526 (c.
524 446 563 510 10
584 445 651 527 54)
676 443 854 509 inscienter
882 469 901 510 a
931 426 1061 538 Graeco
1091 445 1224 510 homine

131 555 288 640 inflatam,
307 563 421 620 contra
445 554 604 641 Polybius
624 555 741 620 babet:
771 547 854 637 μιτᾶ
877 551 913 620 dd
934 551 1125 640 adsuetudo
1150 557 1226 621 τοῦ·

130 687 192 731 τον
220 660 253 731 οἳ
274 664 353 750 περὶ
378 662 436 732 τὸν
458 660 656 752 Φιλήμενον,
682 659 913 750 ἡτοιμασμένοι
943 661 1122 751 σάλπιγγας
1147 659 1226 730 Ῥω-

131 769 264 858 μαικᾶς,
292 773 348 840 καί
367 799 486 854 τινας
506 775 587 840 τῶν
607 766 759 852 αὐταῖς
778 777 967 861 χρῆσθαι
988 773 1226 858 δυναμένων

131 879 201 950 διὰ
222 878 297 970 τήν
316 879 557 971 συνήθειαν,
571 879 707 962 στάντες
728 883 806 968 περὶ
828 879 867 949 τὸ
889 883 1042 968 θέατρον,
1056 879 1226 971 ἐσήμηναν,
1242 945 1243 950 ,

131 1017 176 1059 an
200 995 296 1060 etiam
319 994 381 1060 hoc
402 994 476 1060 loco
497 993 608 1059 Livius
633 994 673 1059 de
696 993 857 1058 industria
878 995 1094 1079 Polybianam
1123 1004 1226 1061 muta-

131 1103 220 1168 verit
237 1103 458 1168 narrationem
472 1103 596 1186 neseio,
617 1125 660 1170 ne
675 1103 809 1189 gravior
822 1103 1043 1170 Romanorum
1059 1103 1227 1170 videretur

132 1211 255 1278 clades.
308 1211 400 1281 Sicut
430 1211 518 1276 enim
553 1220 639 1276 tacet
669 1212 801 1276 omnino
830 1233 983 1298 magnam
1005 1211 1226 1278 Romanorum

132 1321 252 1410 partim
277 1322 312 1385 in
332 1321 462 1386 Poenos
492 1321 611 1407 partim
633 1321 669 1385 in
699 1321 815 1388 Gallos
845 1321 1060 1388 incidentium
1081 1331 1227 1407 stragem

132 1453 206 1497 esse
230 1430 360 1514 editam,
382 1430 426 1496 ita
448 1430 543 1494 etiam
561 1451 599 1495 eo
618 1429 784 1518 discrepat
804 1454 822 1496 a
843 1432 996 1516 Polybio,
1019 1431 1107 1518 quod
1130 1431 1226 1500 dicit:

133 1548 167 1606 et
187 1540 250 1605 fuit
271 1541 413 1629 praedae
433 1539 649 1626 aliquantum,
682 1563 755 1606 oum
778 1537 926 1607 Graecus
950 1563 1060 1608 rerum
1085 1542 1227 1630 scriptor

134 1649 425 1734 Carthaginienses
447 1649 588 1714 affirmet
602 1649 704 1714 nihilo
724 1650 913 1717 inferiorem
929 1673 986 1740 spe
1001 1675 1059 1717 sua
1072 1652 1228 1739 praedam

134 1777 209 1825 esso
229 1767 375 1824 nanctos.
411 1755 479 1827 Sed
499 1767 536 1823 ut
555 1757 654 1824 finem
676 1759 879 1846 imponamus
900 1759 976 1825 huic
998 1759 1227 1848 disputationis

133 1875 265 1934 nostrae
285 1869 381 1954 parti,
402 1868 479 1934 satis
501 1867 602 1933 multa
622 1867 700 1933 mihi
721 1869 836 1934 videor
856 1868 1015 1952 attulisse,
1036 1869 1151 1950 quibus
1173 1868 1227 1934 Li-

132 1976 223 2041 vium
256 1977 319 2042 boo
351 1978 425 2043 loco
450 1977 631 2063 ePolybio
663 1977 811 2042 hausisse
845 1987 881 2042 ut
911 1977 1043 2043 credam
1074 1977 1228 2045 adducor.

134 2085 340 2172 Quamquam
355 2084 536 2151 Romanum
550 2095 718 2151 auctorem
741 2085 838 2151 etiam
860 2086 941 2151 alios
958 2087 1013 2171 qui
1038 2085 1079 2152 de
1102 2085 1228 2152 eisdem

135 2196 235 2260 rebus
255 2195 431 2261 memoriae
453 2195 669 2284 prodiderunt
700 2195 884 2283 inspexisse
909 2218 947 2261 eo
969 2205 1116 2284 apparet,
1140 2195 1228 2282 quod

133 2307 170 2372 in
193 2315 343 2372 extremo
365 2306 469 2394 capite
493 2305 545 2370 XI
566 2315 710 2371 ceterum
740 2304 847 2393 inquit
870 2305 1011 2370 defectio
1036 2304 1228 2371 Tarentino-

134 2437 210 2480 rum
232 2424 341 2480 utrum
364 2415 475 2503 priore
497 2437 582 2480 anno
612 2438 654 2480 au
683 2416 745 2480 hoc
767 2415 890 2480 factum
914 2414 965 2497 sit,
994 2414 1029 2478 in
1060 2414 1228 2482 diversum

135 2532 288 2590 auctores
308 2525 451 2608 trahunt,
473 2525 585 2611 plures
607 2526 842 2612 propioresque
861 2533 967 2590 aetate
980 2525 1157 2590 memoriae
1178 2545 1228 2588 re·

133 2655 208 2698 rum
229 2633 292 2699 hoc
317 2633 541 2729 annolfactum
562 2633 697 2698 tradunt
710 2637 744 2714 ¹).

219 2742 271 2808 De
296 2742 419 2809 eisdem
438 2745 537 2810 rebus
554 2765 627 2809 cum
650 2744 747 2809 etiam
761 2725 935 2832 Appianas
948 2745 977 2828 2)
998 2745 1099 2809 verba
1119 2741 1228 2825 faciat,

135 2853 336 2918 monendum
354 2852 495 2933 videtur,
527 2875 601 2918 eum
635 2874 741 2940 neque
763 2852 939 2941 Polybium
968 2873 1076 2941 neque
1097 2851 1228 2946 Liuium

136 2961 254 3026 ducem
277 2969 422 3027 secutum
446 2981 528 3028 esse.
571 2959 688 3046 Neque
711 2961 797 3027 enim
819 2963 853 3026 in
874 2961 1060 3027 nominibus
1082 2961 1228 3026 coniura-

134 3080 244 3137 torum
267 3067 451 3136 referendis
475 3091 549 3135 cum
583 3070 629 3136 eis
653 3070 829 3153 consentit,
862 3069 1011 3158 quoniam
1034 3070 1228 3138 Cononeum

134 3177 316 3270 principem
348 3199 461 3246 eorum
493 3177 595 3246 fuisse
631 3179 722 3245 testis
744 3189 804 3263 est,
837 3200 945 3264 neque
972 3179 1007 3244 in
1026 3179 1098 3266 ipsa
1120 3178 1229 3244 delec-

134 3287 232 3353 tionis
254 3287 484 3377 descriptione.

221 3396 261 3462 In
295 3397 404 3485 capite
433 3399 506 3465 XII
539 3421 611 3463 cum
634 3398 747 3464 Livius
784 3398 825 3462 de
857 3397 1053 3463 carminibus
1088 3405 1229 3485 exponat

138 3504 323 3590 Marcianis,
345 3529 459 3594 parum
485 3529 555 3573 esse
576 3505 765 3591 verisimile,
798 3525 872 3572 eum
898 3529 916 3570 a
945 3506 1090 3572 lontibus
1122 3528 1228 3572 reces-

136 3616 219 3680 sisse
240 3616 441 3699 vernaculis,
470 3625 617 3697 nonest,
651 3617 738 3701 quod
759 3616 905 3702 pluribus
931 3615 1106 3704 disputem.
1148 3617 1228 3682 Per·

137 3724 188 3808 git
210 3723 322 3789 Livius
350 3722 467 3788 iudea
489 3724 596 3811 capite
618 3723 705 3790 XIII
725 3722 767 3787 ad
790 3723 962 3789 Hannonis
994 3723 1119 3788 cladem
1143 3721 1229 3809 apud

141 3912 336 3920 .----—----—

241 4044 267 4114 1)
285 4043 387 4098 confer.
406 4042 665 4099 Weissenbornium
683 4044 720 4100 ad
738 4061 802 4100 eum
820 4044 920 4100 locum.

238 4144 266 4208 2)
285 4140 405 4210 Appian.
423 4139 529 4196 bellum
545 4139 692 4195 Hannibal.
711 4158 734 4196 o.
754 4141 796 4196 32.
