2834 4608
720 225 762 290 44

194 414 279 496 τηγῴ
302 412 467 494 συμμίξαι.
490 413 593 479 Porro
608 413 827 498 Polybianum
849 412 931 479 illud
953 404 1185 496 ἀπελογίζοντο
1209 407 1285 494 περί

193 543 228 585 τε
249 523 316 585 τῶν
336 523 411 588 καθ’
436 519 572 600 ἐαοτοάς
588 523 642 588 καί
665 524 830 605 περὶτῶν
851 518 931 587 κατά
952 517 1011 610 τὴν
1028 520 1182 606 πατρίδα,
1202 519 1285 584 πολ-

192 628 250 710 λάς
272 629 325 696 καί
346 632 497 712 ποικίλας
517 626 710 716 ποιούμενοι
725 632 912 718 κατηγορίας
930 628 1097 716 Ῥωμαίων
1117 625 1209 714 χάριν
1228 629 1284 697 τοῦ

191 735 236 826 μή
258 741 367 807 δοκεῖν
388 737 512 828 ἀλόγως
532 741 693 825 ἐμβαίνειν
715 739 761 820 είς
775 737 836 828 τήν
852 737 1068 826 ὑποκειμένην
1087 739 1210 824 πρᾶξιν
1230 736 1284 802 Li-

191 851 266 917 vius
286 851 331 915 ita
352 850 451 916 vertit
473 859 510 914 ut
531 850 710 916 scriberet:
739 873 810 916 curn
843 860 875 916 et
898 873 1012 916 causas
1043 848 1158 914 consili
1178 846 1229 914 sui
1250 854 1283 912 et

112 1021 115 1028 .
194 959 272 1044 quid
293 968 447 1046 pararent
469 959 707 1045 exposuissent.

295 1069 334 1133 In
357 1067 485 1135 Graeco
506 1091 656 1134 sermone
669 1069 784 1134 Latine
808 1068 977 1134 reddendo
999 1090 1073 1134 cum
1095 1063 1224 1132 Livium
1244 1086 1283 1132 eo

192 1199 392 1264 propensum
409 1201 479 1244 esso
495 1179 558 1243 iam
581 1178 615 1241 in
640 1179 790 1244 confesso
811 1179 861 1260 sit,
886 1189 922 1243 ut
933 1199 1029 1265 saepe
1052 1198 1105 1242 res
1121 1185 1283 1260 tamquam

194 1287 299 1352 minus
315 1288 514 1353 necessarias
537 1288 666 1352 omnino
681 1285 926 1372 praetermittat,
948 1287 1045 1350 etiam
1060 1286 1094 1351 in
1106 1286 1168 1351 hac
1191 1294 1283 1369 parte

192 1398 345 1485 exempla
366 1397 434 1463 eius
455 1397 502 1462 rei
532 1397 626 1461 nobis
657 1405 785 1484 praesto
818 1404 894 1461 sunt
923 1393 1188 1460 luculentissima.
1234 1393 1285 1458 Ite

192 1526 274 1588 quae
296 1504 455 1589 Polybius
478 1505 654 1570 memoriae
676 1504 838 1593 prodidit:
860 1504 1038 1590 imperasse
1051 1501 1284 1584 Hannibalem,

189 1623 226 1676 ut
248 1613 410 1678 exercitus
433 1623 569 1701 quatuor
592 1613 719 1678 dierum
736 1624 847 1700 parata
867 1635 978 1678 secum
995 1612 1133 1678 duceret
1150 1610 1284 1692 cibaria,

188 1723 304 1788 Livius
326 1722 442 1788 omisit.
493 1723 585 1788 Idem
614 1723 771 1790 Numidas
801 1723 924 1809 equites
946 1723 1051 1788 stadia
1073 1721 1203 1788 circiter
1225 1721 1280 1786 tri-

190 1832 282 1917 ginta
315 1835 497 1898 exercitum
530 1833 742 1900 antecessisse
772 1843 866 1899 tacet.
918 1834 992 1916 Quo
1024 1833 1078 1916 fit,
1108 1839 1145 1898 ut
1175 1831 1283 1896 minus

188 1951 337 2006 accurate
349 1941 569 2008 Hannibalem
590 1951 700 2006 narrat
718 1965 790 2008 curn
811 1941 997 2027 quindecim
1019 1923 1108 2004 milia
1129 1962 1281 2027 passuum

189 2050 229 2114 ab
252 2051 334 2114 urbe
355 2049 484 2115 abesset
504 2072 623 2135 agmen
645 2050 777 2116 iussisse
802 2049 991 2115 consistere.
1013 2048 1172 2134 Polybius
1194 2047 1280 2115 enim

188 2150 461 2240 οίποσχάντων
491 2159 597 2244 inquit
630 2163 695 2222 τῶν
724 2155 928 2242 Νομάδων
959 2153 1004 2236 atr
1031 2153 1144 2224 ἑκατὸν
1176 2153 1281 2224 εἴκοσι

188 2266 339 2345 σταδίοις
360 2263 655 2355 ἐδειπνοποιήσατο
674 2264 765 2353 παρά
785 2293 856 2335 τινα
877 2263 1103 2335 δνοοάνοπτον
1133 2267 1186 2334 καί
1217 2283 1282 2355 φα-

188 2371 334 2463 ραγγώδη
349 2372 508 2460 ποταμόν.
523 2379 576 2446 Ne
589 2380 660 2466 quis
671 2401 750 2464 vero
763 2379 937 2463 existimet,
950 2379 1047 2445 etiam
1057 2399 1095 2444 eo
1109 2377 1283 2446 cerniLivi

189 2487 444 2572 neglegentiam,
481 2489 568 2573 quod
589 2489 623 2553 in
649 2489 760 2575 capitis
788 2491 893 2556 octavi
917 2489 1126 2578 paragrapho
1154 2487 1280 2558 decima

190 2617 308 2662 nomen
320 2605 432 2684 portae
443 2620 508 2662 non
520 2598 620 2682 addit,
633 2621 727 2684 quam
741 2599 901 2685 Polybius
911 2597 1165 2664 Temenidarum
1177 2599 1279 2664 fuisse

190 2706 278 2788 dicit,
300 2705 412 2771 facere
432 2729 499 2771 non
520 2728 652 2795 possum
675 2708 751 2795 quin
780 2709 814 2772 in
837 2707 957 2776 Graeci
981 2707 1149 2796 scriptoris
1171 2707 1280 2774 verbis

190 2815 366 2880 offendam.
408 2815 472 2896 Qui
497 2839 569 2882 cum
592 2815 810 2884 Hannibalem
834 2819 879 2883 ita
901 2817 1022 2906 oppido
1046 2818 1185 2906 potitum
1206 2839 1278 2884 esse

189 2935 311 3008 narret,
332 2935 368 2988 ut
395 2925 465 3011 ipse
499 2921 552 2990 διά
582 2927 696 2991 πολῶν
723 2927 929 3013 Τημενίδων,
962 2927 1171 2994 Philemenus
1198 2949 1278 2992 vero

188 3034 253 3099 dux
281 3035 522 3115 coniuratorum
546 3041 606 3123 per
627 3036 732 3100 'aliam
755 3037 889 3102 intraret
910 3046 1049 3124 portam,
1070 3038 1172 3102 verba
1192 3060 1275 3124 quae

186 3154 261 3208 sunt
284 3144 316 3208 in
334 3145 438 3232 capite
460 3145 620 3230 vigesimo
638 3147 793 3234 septimo:
817 3142 868 3212 διδ
893 3141 998 3233 τούτῳ
1019 3145 1079 3230 μὲν
1092 3145 1278 3232 ἐπέτρεψαν

186 3248 413 3334 ἐξιδιάοασθαι
432 3249 485 3320 διά
499 3258 565 3320 τῶν
586 3251 809 3338 ἁλισκομένων
824 3255 960 3342 θηρίων,
985 3258 1119 3338 πρῶτον
1143 3254 1202 3340 μὲν
1222 3251 1280 3322 τδν

186 3361 242 3427 ἐπὶ
262 3365 323 3448 τῆς
343 3359 474 3442 πόλεως
495 3365 688 3450 τεταγμένον
710 3359 811 3431 Γάϊον
821 3365 953 3448 Λίβων,
973 3363 1124 3450 δεύτερον
1145 3358 1181 3432 δὲ
1200 3361 1277 3444 τοδς

186 3465 406 3558 φυλάττοντας
433 3469 490 3539 τάν
510 3473 645 3538 πυλῶνα
665 3469 723 3539 τάν
743 3469 809 3539 άπὸ
831 3469 892 3554 τάς
917 3473 1096 3560 Τημενίδας
1116 3497 1279 3559 προςαγο·

186 3579 361 3662 ρεοομένας
384 3576 489 3659 πάλας
517 3583 737 3669 suspicionem
761 3582 840 3649 mihi
863 3593 1005 3649 movent.
1049 3583 1179 3650 Etenim
1201 3583 1278 3649 Phi-

187 3689 345 3774 lemenus,
369 3689 423 3775 qui
445 3698 541 3755 nocte
562 3713 691 3778 semper
709 3692 819 3780 specie
840 3691 982 3759 venandi
998 3693 1039 3758 ad
1058 3691 1278 3790 Hannibalgm

186 3797 352 3881 profectus
373 3808 453 3877 erat,
475 3819 538 3883 quo
559 3799 686 3864 facilius
709 3800 769 3865 sibi
791 3810 886 3894 porta
907 3801 1098 3888 aperiretur,
1124 3801 1276 3868 custodes

185 3915 311 3991 partem
335 3905 475 3991 praedae
495 3907 647 3973 donando
675 3907 736 3974 sibi
759 3908 1002 3974 conciliaverat.
1046 3909 1277 3996 Quapropter

188 4043 383 4060 *φη-*οι-

285 4127 310 4191 1)
331 4123 440 4178 seara
458 4083 520 4195 pag}
541 4127 593 4182 aaa
611 4143 636 4180 v.
657 4128 682 4182 a.
