2834 4608
725 203 774 295 m·
851 231 853 236 ·

196 398 285 477 vium
306 393 628 500 reperiunttir‚·qda‘e
644 389 812 480 Gradenm
832 387 1004 477 redoleant
1021 411 1161 504 iontem.
1184 407 1236 476 Ita
1257 383 1297 474 ιιιΙ

195 531 296 588 unum
326 521 459 587 afferam
493 527 565 586 cum
599 520 634 584 in
666 520 780 606 capitis
807 519 870 586 XL
901 519 1107 613 paragrapho
1129 519 1164 583 V
1178 519 1291 622 dicat:

198 631 266 697 dux
296 631 410 696 tertius
441 653 546 696 novus
584 631 624 694 ab
657 629 842 696 Hannibale
869 628 906 692 in
939 629 1047 693 locum
1078 628 1292 718 Hippocratis

195 740 313 806 missus
334 740 619 828 Libyphoenicum
641 738 773 825 generis
797 737 1112 826 Hippocritanus-
1072 737 1294 804 -hluttinen

198 849 376 937 populares
397 851 617 916 vocabant—
647 859 680 914 et
709 864 792 936 quae
822 847 988 953 rabuntur,
1014 845 1048 912 id
1070 867 1191 913 nomen
1213 846 1239 913 si
1260 847 1296 912 in

196 958 287 1024 fonte
254 959 487 1048 troperisset
514 955 676 1042 Romano,
706 979 773 1022 non
795 955 873 1043 pdto
897 943 972 1021 eum
991 965 1080 1021 tanta
1100 957 1137 1057 vi
1159 979 1197 1021 ao
1222 979 1294 1041 gra·

196 1067 298 1132 vitate
318 1066 611 1153 pronunciaturum
632 1067 744 1132 fuisse.
784 1063 962 1133 Ceterum
959 1087 1030 1130 non
1051 1073 1126 1131 ante
1136 1063 1295 1151 quintam

195 1175 462 1264 paragraphum
474 1155 653 1265 Polybium
691 1173 823 1240 videtur
855 1173 975 1240 adiisse
1006 1173 1130 1240 Livius
1202 1173 1295 1255 Quae

198 1283 285 1348 enim
308 1292 403 1349 antea
433 1283 490 1348 de
498 1285 631 1372 templis
661 1277 800 1381 exponit
827 1281 950 1351 Romae
983 1257 1182 1348 allaroello
1207 1281 1296 1348 dedi

198 1392 279 1456 eatis
306 1400 482 1482 propterea
511 1414 585 1458 meo
609 1393 741 1478 quidem
763 1391 888 1458 iudicio
909 1365 1067 1491 Polybio
1073 1391 1298 1458 abiudioanda

198 1508 284 1584 eunt,
307 1501 426 1586 quod
416 1502 560 1589 miquius
580 1481 637 1568 ille
658 1486 853 1587 suffragium
869 1477 944 1566 tulit
963 1499 1061 1566 de
1030 1501 1139 1584 signis
1161 1499 1296 1568 tabulis-

199 1628 262 1697 que
284 1631 303 1673 a
322 1610 481 1676 Marcello
503 1609 677 1699 Syracusis
698 1611 837 1706 Romam
857 1609 1003 1676 devectis
1014 1612 1048 1694 ¹)
1083 1609 1126 1675 In
1148 1619 1298 1676 extremo

198 1719 306 1808 eapite
327 1719 542 1804 quaeLivius
565 1718 606 1784 de
635 1721 735 1817 rebd's
766 1718 903 1807 exponit
931 1716 1119 1810 uibahis,e
1150 1717 1300 1786 fontibus
1396 1723 1397 1726 ’

197 1828 384 1919 vernaculis
408 1828 579 1920 desumpta
599 1849 682 1914 esse,
703 1850 770 1895 non
799 1837 847 1894 est
865 1849 924 1893 cur
939 1827 1097 1916 *plurffius
1118 1827 1297 1919 disputem.

442 1947 445 1954 .
478 1945 480 1956 ι
544 1929 556 1965 ⁸·
656 1965 660 1976 .
687 1967 695 1976 a
777 1923 794 1972 J
829 1939 831 1946 =
1152 1935 1154 1942 ·

469 2287 471 2294 ¹
596 2292 901 2400 LiberXXVI.
949 2353 963 2404 ,·
1034 2347 1051 2408 ;’

219 2576 237 2620 .’
297 2557 457 2635 Similiter
489 2560 531 2628 de
559 2561 702 2649 proximi
715 2515 717 2520 Α
732 2563 807 2630 libri
835 2563 933 2629 initio
967 2567 1027 2630 es't*
1052 2565 1277 2634 iudicandum.

294 2667 393 2742 ¹¹Inde
412 2692 433 2734 a
455 2668 561 2755 capite
592 2680 707 2756 quarto
742 2673 852 2758 pergit
879 2671 993 2738 Livius
1022 2674 1064 2739 ad
1095 2675 1302 2744 obsidionem

206 2773 338 2862 Capuae
354 2776 581 2844 enarrandam.
617 2779 731 2863 Atque
746 2779 800 2846 hio
816 2779 949 2866 quidem
969 2781 1194 2867 fragmentum
1217 2808 1304 2852 com-

50 2853 54 2862 *
91 2967 99 2982 .
162 2911 165 2918 ⁴
199 2903 318 2970 parare
339 2882 417 2950 lieet
437 2884 667 2970 Polybianum·
689 2887 803 2954 codice
832 2887 996 2958 Urbinate
1026 2891 1302 2978 comprehensum

200 2991 289 3078 apud
315 2992 508 3062 Bekkerum
539 2996 569 3076 9,
599 2997 703 3062 3—9„
737 2997 811 3080 Qua
839 2997 895 3064 de*
910 3019 951 3062 re
972 3005 1015 3064 'ut
1043 2999 1190 3066 breviter
1212 3004 1302 3090 qu'od

202 3099 307 3165 sentio
324 3099 448 3186 ‚diosna
468 3103 548 3190 quin
563 3104 683 3174 Livius
699 3105 807 3176 fontes
825 3103 992 3196 Romanoa
1013 3107 1213 3194 adhibuerit,
1226 3134 1303 3178 *non

202 3208 326 3276 dubito.
371 3209 457 3281 Nam
478 3233 553 3279 oum
569 3211 735 3284 Romanus
751 3215 1025 3306 rerum‘soriptor
1039 3217 1203 3306 proelium
1216 3219 1303 3288 inter

201 3315 423 3392 Romanorum
445 3319 547 3388 duo'es
571 3331 603 3387 et
617 3323 838 3392 Hannibalem
851 3325 1301 3410 fuisseauerrimum'narret,

201 3424 246 3490 ita
267 3437 304 3490 ut
327 3437 401 3493 octo
423 3429 513 3494 milia
533 3431 700 3498 hominum
731 3433 771 3498 de
796 3433 1118 3522 Carthaginiensium
1138 3440 1310 3524 exercitus

202 3535 265 3602 tria
294 3557 346 3606 ex·
364 3537 549 3628 Campanis·
574 3542 797 3612 traderentur
814 3565 852 3614 eo
890 3545 956 3629 die,
979 3543 1148 3628 'Polybius
1181 3569 1223 3614 ue
1257 3570 1299 3615 ex

203 3663 316 3710 eorum
341 3646 475 3734 quidem
497 3658 547 3717 est
569 3672 708 3720 numero
730 3653 818 3741 apud
843 3661 923 3740 quos
945 3676 1154 3741 nequaquam
1174 3666 1299 3724 tantam

201 3753 323 3820 molem
358 3777 493 3843 pugnae
522 3757 636 3828 Livius
664 3782 700 3848 se
726 3761 891 3828 inuenisse
922 3771 1068 3830 testatur.
1122 3765 1180 3832 Illi
1205 3769 1300 3836 enim

203 3884 278 3927 eum
324 3865 398 3951 plus
437 3868 568 3954 pavoris
609 3892 705 3957 quam
745 3870 931 3938 certaminis
971 3872 1072 3940 fuisse
1118 3875 1296 3964 traderent,

304 4089 330 4160 1)
350 4088 422 4147 conf.
442 4089 553 4149 Beklrer
570 4109 598 4166 p.
618 4095 680 4156 618.
