2834 4608
613 265 655 330 db

81 449 196 516 tenuia
227 449 512 538 deprehendimus,
546 471 631 536 quae
666 452 832 520 Graecum
858 461 1076 520 monstrarent
1106 475 1180 520 euc-

80 570 201 626 tcrem.
260 559 376 645 Itaque
406 581 448 625 ne
476 558 547 644 quis
567 559 602 626 in
624 581 663 626 eo
689 560 832 645 haereat,
854 560 941 647 quod
961 585 1045 630 unus
1067 561 1181 629 Livius

79 669 258 756 sexaginta
288 668 362 734 illas
393 689 520 751 naves,
540 667 615 752 quia
645 670 748 757 spatio
781 669 958 738 missilibus
981 693 1063 758 opus
1091 679 1181 736 esset

78 776 200 863 procul
232 797 326 842 muro
362 775 464 842 fuisse
493 775 670 842 collocatas
705 777 881 844 memoriae
917 777 1071 864 prodidit,
1102 779 1181 846 talia

80 885 278 974 saepissime
308 884 440 951 Livium
472 885 513 952 dc
552 907 611 952 suo
642 884 809 952 addidisse
848 886 1037 954 memineris
1070 887 1184 954 velim.

80 995 324 1083 Exemplorum
336 995 463 1084 copiam
475 994 553 1060 satis
565 993 707 1083 amplsm
721 995 870 1080 conlegit
889 995 1062 1062 Nissenius
1083 1020 1116 1085 p.
1127 997 1180 1062 23.

79 1104 122 1172 In
139 1103 356 1190 sequentibus
370 1103 538 1170 fatendum
553 1112 602 1172 cst
614 1125 729 1192 parum
752 1112 904 1170 accurate
918 1127 936 1168 a
948 1103 1043 1171 Livio
1059 1104 1180 1191 Polybi

80 1214 311 1280 sambucarum
333 1211 588 1298 descriptionem
611 1234 801 1300 expressam
831 1213 955 1297 videri,
986 1236 1059 1279 cum
1080 1237 1180 1283 naves

79 1322 166 1406 illas,
201 1343 341 1408 quarum
371 1320 467 1388 binae
501 1321 642 1388 invicem
675 1320 806 1388 iunctae
837 1333 941 1406 erant,
961 1331 1067 1388 turres
1092 1323 1180 1390 dicat

81 1432 312 1498 contabulatas
335 1430 661 1518 machinamentaque
689 1432 752 1498 alia
781 1431 965 1519 quatiendis
987 1433 1087 1498 muris
1105 1455 1179 1520 pcr-

82 1549 179 1607 tasse.
226 1540 295 1610 Sed
317 1561 437 1606 vereor
470 1541 601 1608 omnino
633 1551 670 1607 ut
701 1541 944 1611 subtilissimam
967 1541 1089 1610 Graeci
1122 1543 1183 1609 ho-

82 1651 178 1718 minis
202 1650 458 1740 disputationem
480 1649 693 1718 intellexerit.
730 1650 837 1734 Quam
863 1651 1082 1738 suspicionem
1103 1675 1182 1740 quo·

85 1759 192 1825 minus
212 1759 369 1847 profitear
391 1781 504 1824 eorum
525 1781 591 1824 non
609 1760 786 1848 prohibeor
803 1758 1041 1846 indignatione,
1063 1760 1119 1848 qui
1139 1760 1181 1828 de

87 1869 193 1952 gloria
218 1879 286 1935 tam
318 1868 437 1953 egregi
467 1890 578 1934 rerum
609 1870 779 1958 scriptoris
801 1891 854 1936 me
877 1869 1049 1936 detrahere
1073 1869 1181 1938 clami·

85 1985 153 2044 tent
175 1988 277 2067 atque
299 1977 500 2044 calumniari.
539 1977 672 2045 Etenim
692 2001 766 2046 cum
794 1979 872 2044 satis
894 1987 1031 2061 constat,
1052 1977 1183 2047 Livium

84 2105 199 2152 eorum
230 2087 399 2152 annalium
433 2086 650 2175 scriptorum,
682 2087 737 2174 qui
762 2086 890 2158 Graece
921 2087 1073 2154 historias
1105 2111 1180 2154 sues

87 2205 351 2284 composuerant,
378 2193 496 2260 Latina
513 2195 665 2262 versione
685 2217 781 2261 usum
802 2217 885 2280 esse,
905 2205 974 2261 tum
994 2217 1073 2262 vero
1093 2195 1180 2262 haud

88 2327 160 2370 rara
183 2316 217 2372 ot
250 2303 443 2393 ecquidem
474 2303 734 2371 luculentissima
763 2314 876 2371 extent
897 2306 1050 2394 exempla
1064 2307 1101 2390 ¹),
1123 2306 1181 2372 ubi

86 2413 120 2476 in
142 2413 304 2481 vertendo
331 2401 472 2499 Polybio
500 2435 634 2500 prorsus
655 2438 676 2481 a
696 2437 775 2481 vero
794 2415 1007 2500 aberraverit,
1028 2438 1070 2482 ne
1095 2416 1180 2482 iusto

88 2523 201 2590 ridear
224 2523 389 2608 audacior,
409 2522 436 2586 si
448 2519 575 2588 Livium
597 2523 728 2592 Graece
751 2523 840 2590 haud
858 2524 903 2589 ita
926 2525 1058 2590 doctum
1080 2525 1180 2592 fuisse

87 2629 172 2717 dico,
194 2655 264 2700 uon
287 2653 417 2698 vereor.

185 2742 257 2807 Iam
280 2763 352 2806 cum
375 2740 417 2806 de
441 2739 650 2806 Archimedis
670 2739 936 2808 machinamentis
949 2741 1064 2808 Livius
1079 2743 1182 2810 verba

86 2850 194 2937 faciat,
217 2850 380 2916 neminem
401 2849 520 2935 fugere
540 2857 667 2936 potest,
692 2870 766 2914 enm
796 2859 870 2916 ante
893 2852 1007 2918 oculos
1029 2851 1180 2918 habuisse

90 2960 263 3050 exemplar
284 2958 514 3042 Polybianum.
546 2955 614 3025 Sed
630 2957 663 3023 in
686 2978 725 3023 eo
746 2957 964 3046 exprimendo
986 2981 1060 3024 oum
1083 2959 1181 3026 etiam

88 3068 129 3132 ad
151 3070 231 3135 artis
266 3067 449 3134 rhetoricae
481 3067 574 3152 leges
608 3068 709 3133 verba
746 3067 894 3134 studeret
928 3079 1050 3155 eptare,
1087 3091 1187 3136 enun-

88 3178 207 3246 ciatum
230 3179 452 3244 lucratus‘est
482 3175 544 3240 hoc
565 3175 778 3264 tripartitum:
809 3176 844 3242 in
873 3199 928 3242 eas
956 3199 1038 3263 quse
1068 3177 1187 3264 procul

90 3296 185 3352 erant
208 3307 306 3352 naves
327 3307 407 3350 saxa
428 3283 556 3368 ingenti
578 3283 726 3370 pondere
743 3285 921 3366 emittebat,
943 3285 1116 3374 propiores
1138 3285 1184 3350 le·

89 3396 234 3463 rioribus
253 3411 357 3477 eoque
380 3389 486 3474 magis
509 3389 635 3458 crebris
666 3393 797 3478 petebat
823 3391 917 3474 telis3
939 3402 1116 3480 postremo,
1148 3401 1185 3458 ut

91 3502 141 3566 sui
162 3504 300 3568 volnere
321 3498 432 3566 intacti
454 3499 519 3564 tela
549 3498 584 3564 in
610 3498 739 3564 hostem
760 3499 962 3586 ingererent,
988 3523 1117 3566 murum
1141 3501 1182 3566 ab

89 3609 154 3676 imo
185 3610 227 3676 ad
256 3631 416 3676 summum
445 3607 569 3673 crebris
603 3605 794 3672 cubitalibus
826 3607 897 3671 iere
926 3607 1016 3672 cavis
1048 3607 1185 3694 aperuit,

91 3741 151 3806 per
172 3743 256 3808 quae
282 3742 361 3784 cava
381 3739 455 3804 pars
477 3715 604 3803 sagittis
627 3737 702 3803 pars
727 3716 955 3803 scorpionibus
980 3717 1118 3784 modieis
1143 3740 1186 3784 ex

93 3832 221 3897 occulto
244 3829 399 3918 petebant
420 3825 557 3892 hostem.
599 3827 674 3910 Quo
695 3828 836 3908 factum,
863 3835 899 3892 ut
925 3848 1009 3911 quae
1028 3824 1186 3912 Polybius
1262 3814 1263 3818 ¹

95 4031 287 4043 ·-——-—.--·-—

192 4169 218 4237 1)
238 4167 309 4222 coni.
327 4167 427 4222 Nissen
448 4182 474 4234 p.
489 4169 524 4222 32
544 4169 573 4220 et
592 4168 635 4221 33.
