2834 4608
665 196 717 264 155

148 383 239 471 dicit,
258 407 331 453 cum
351 384 511 472 Polybius
534 405 604 450 earn
628 384 795 450 Arsinoen
816 382 960 473 appellet
976 387 1008 466 ¹).
1043 382 1148 452 Porro
1171 385 1240 453 sina

147 496 247 562 dubio
269 494 409 582 Polybio
432 503 507 562 sunt
529 493 755 576 abiudicanda,
777 515 860 580 quae
879 493 993 560 Livius
1012 494 1239 588 indeaoapite

147 605 217 674 XII
237 627 342 693 usque
364 605 406 674 ad
427 603 515 672 XIV'
533 605 575 670 de
596 605 747 673 Marcelli
768 605 906 672 victoria
920 607 960 672 ab
982 605 1168 676 Hannibale
1189 631 1239 678 re-

147 724 275 804 portate
300 715 477 782 memoriae
506 713 662 802 prodidit.
708 713 761 782 Ac
794 737 869 782 eum
893 715 928 779 in
951 715 1140 784 universum
1160 719 1239 784 Plu-

146 825 278 891 tarcbus
287 826 314 908 ²)
330 847 405 890 cunr
419 823 556 892 Liviana
568 824 733 913 conspiret
747 824 932 890 narratione
945 846 987 890 ne
1010 847 1082 892 sum
1108 828 1240 916 quidem

146 932 322 1020 Polybium
345 933 482 1017 adiisse,
509 942 636 1001 certum
667 942 726 1008 est
771 933 887 1019 Pergit
915 933 1027 1000 Livius
1049 935 1126 1002 inde
1148 962 1168 1003 a
1191 962 1241 1004 oe-

147 1043 217 1129 pite
236 1041 302 1108 XV
334 1041 375 1108 sd
400 1043 677 1128 expugnationem
710 1041 843 1132 Tarenti
867 1043 1092 1126 enarrandam,
1115 1067 1178 1131 qua
1200 1048 1241 1112 de

146 1173 188 1220 re·
207 1151 294 1237 quod
325 1150 447 1237 Polybi
482 1173 633 1218 caremus
654 1152 851 1235 testimonio,
876 1175 955 1218 sane
978 1152 1157 1220 dolendum
1181 1168 1240 1221 est.

139 1261 383 1346 'Fragmentum
417 1259 519 1342 anim,
554 1259 642 1346 quod
664 1269 713 1326 est
734 1261 822 1348 opud
843 1259 1033 1328 Beklrerum
1055 1263 1105 1347 10,
1127 1265 1143 1328 1
1166 1288 1240 1332 cum

146 1371 190 1436 de
210 1371 274 1436 situ
304 1369 557 1437 Tarentinorum
590 1369 846 1459 comprehendet
879 1370 1142 1458 disputationem,
1165 1397 1240 1440 cum

145 1479 284 1548 Liviana
315 1478 502 1548 narratione
534 1479 720 1568 comparari,
746 1477 878 1546 omnino
910 1501 978 1544 non
1004 1490 1122 1567 potest.
1171 1481 1240 1548 Sed

147 1588 183 1654 in
200 1588 275 1676 ipsa
294 1587 369 1654 Liri
402 1587 504 1654 verbs
538 1587 779 1676 inquirentibus
810 1588 906 1654 nobis
939 1588 1029 1656 nulla
1065 1599 1240 1659 occurrunt

148 1696 280 1780 indicia,
301 1696 478 1782 Polybium
498 1697 561 1764 hoo
582 1699 656 1764 loco
679 1721 697 1762 a
718 1697 812 1764 Livio
833 1697 1010 1772 adhibitum
1035 1720 1117 1766 esse.
1155 1701 1239 1767 Nam

138 1828 232 1892 ¹quac
254 1805 365 1874 Livius
397 1805 438 1898 de
467 1806 589 1894 praeda
608 1805 742 1875 Tarenti
765 1808 850 1879 facta
871 1807 1014 1891 tradidit,
1039 1809 1236 1876 iraomnem

146 1914 385 2004 probabilitatis
407 1914 575 1984 excedunt
597 1915 738 1997 modum,
755 1925 794 1983 ut
819 1915 875 1982 vix
889 1915 1027 2002 Polybio
1044 1918 1148 1997 tribui
1166 1940 1239 2006 pos-

138 2026 223 2093 sint.
267 2023 421 2110 Accedit,
445 2023 533 2112 quod
553 2023 665 2093 Livius
686 2023 834 2113 scripsit:
850 2025 922 2092 auri
943 2024 1127 2098 LXXXIII
1143 2030 1241 2107 ,milia

138 2134 259 2226 pondo
272 2158 317 2201 sc.
333 2143 428 2223 cepta
449 2133 611 2207 beantur.
631 2133 751 2217 'Quem
769 2144 1052 2208 certe'numerum
1066 2160 1084 2203 s
1099 2137 1240 2226 Polybio

139 2244 291 2311 'alienum
313 2242 481 2316 esseriude
501 2243 661 2330 colligere
683 2243 773 2326 licet,
795 2244 883 2328 quad
901 2243 1031 2318 Itirium
1054 2246 1175 2315 scimus
1195 2233 1243 2314 lass

146 2356 234 2420 bore·
249 2352 482 2446 {supersedisse
512 2353 717 2432 Graecorum
746 2353 947 2423 talentorum·
973 2356 1079 2442 pretia
1099 2359 1239 2424 nummis

145 2461 304 2532 Romanis
331 2461 559 2552 computandi.'
608 2461 751 2531 'Accedit
782 2462 867 2548 quod
889 2463 1085 2538 Plutarchus
1097 2466 1123 2551 ³)
1154 2465 1239 2532 sunr-

146 2597 233 2640 mem
250 2572 519 2640 exhibetmulto·
536 2570 695 2642 minorem
720 2595 759 2640 ac
785 2572 1037 2659 probabiliorem
1061 2597 1133 2644 oum
1155 2574 1241 2642 dicat

143 2675 287 2770 α’νὴχθὴ.
300 2679 378 2761 t’atr
397 2677 435 2748 rt
454 2677 611 2768 δημόσιον
630 2681 790 2765 τρισχίλια
811 2675 959 2749 τάλαντα.
1005 2683 1114 2752 Etiam
1136 2705 1174 2749 ea
1193 2685 1241 2750 in-

146 2789 351 2872 ter'Liviu'm
370 2815 408 2878 ac
431 2789 644 2859 Plutarchum
657 2791 686 2875 ⁴)
698 2791 885 2859 intercedit
905 2790 1133 2881 dIsorepentis‚
1153 2795 1241 2879 quod

147 2899 274 2984 Liuius
283 2900 419 2986 Fabium
454 2900 619 2990 signisac
645 2901 765 2970 tabulis
797 2900 1050 2970 Tarentinorum
1075 2925 1110 2969 se
1141 2903 1240 2970 absti-

146 3012 258 3077 nuisse
281 3020 402 3094 narret,
412 3047 417 3069 ι
427 3031 501 3076 cum
518 3009 734 3080 'Plutarchusv
751 3031 825 3098 eum
836 3009 1001 3078 ‘Herculis
1022 3011 1155 3100 signum
1175 3011 1255 3078 Ro·-

137 3133 239 3186 msm'
254 3120 442 3208 deportasse
460 3127 498 3186 'et
524 3118 631 3207 ipsum
652 3119 875 3188 sib'i'ststunm
898 3123 1034 3186 adnetun
1056 3129 1239 3206 equestrem

137 3231 181 3296 ‘in
203 3227 370 3318 Capitolio
387 3227 546 3316 p'osuisse,
560 3227 613 3296 sir
632 3228 734 3296 testis.
769 3225 892 3314 ltaque,
905 3228 991 3296 houd
1012 3229 1088 3295 scio
1102 3253 1144 3296 an
1164 3253 1238 3319 pro-

147 3337 282 3425 'pius'a'd
307 3336 427 3425 Polybi
453 3334 696 3405 similitudinem
723 3335 921 3406 Plutarchus
941 3341 1126 3406 accesserit.
1169 3341 1238 3427 A'p-

144 3446 263 3534 pris'nus
275 3445 320 3530 ⁶¹)
318 3454 358 3510 et
370 3445 521 3514 Zonaras
525 3443 553 3525 ⁶)
578 3445 725 3574 quamvis
748 3464 818 3513 rem
831 3445 935 3532 msgis
957 3447 1130 3533 attingant
1140 3469 1237 3578 quam

149 3583 323 3601 ηιμ-...Ἀ

137 3617 526 3729 1·1)Pclybius.5,83
552 3648 594 3710 15.
606 3581 656 3714 25,
682 3645 716 3711 Π,
728 3663 763 3716 p
782 3648 843 3712 807,
862 3649 888 3702 8.
918 3648 1040 3708 Miller
1045 3651 1122 3723 aar.
1136 3599 1238 3712 histor.

146 3739 277 3792 emmor.
295 3720 322 3789 lI
339 3734 426 3806 praei.
444 3723 529 3792 XVII
548 3715 608 3790 59.

246 3823 274 3892 2)
287 3821 429 3877 Plutarch
447 3821 597 3877 Marcellus
616 3823 659 3914 25.

245 3912 274 3979 9)
293 3909 435 3970 Plutarch
454 3910 559 3966 Fabius
570 3904 643 3964 21.
705 3943 707 3954 ·
761 3939 764 3950 ·
818 3936 822 3946 ·

171 3997 560 4072 britannorum
637 4029 757 4058 .,,,
925 4013 960 4024 ,‚
1003 4013 1111 4060 ,w
1182 4038 1204 4056 ,,

243 4092 272 4157 5)
289 4088 410 4160 Appittn.
428 4088 495 4144 bell.
513 4087 603 4143 Henn.
621 4103 645 4141 c.
663 4089 707 4143 49
759 4088 787 4155 5)
805 4085 874 4140 Ζοιι.
891 4053 917 4151 9,
936 4087 965 4142 8
1029 4103 1032 4108 ·
