2852 4610
738 67 781 128 44

189 237 494 304 nalibusortasunt.
515 237 597 303 Nam
605 235 672 301 Liv.
683 233 782 317 XXX,
808 237 859 318 17,
883 234 990 300 2lons
1003 241 1112 302 noster
1123 232 1228 306 bonus
1242 238 1332 322 dixit,

189 344 355 410 decretum
376 364 464 422 esse,
495 347 532 409 ut
554 341 682 408 Laelius
703 341 824 408 Romae
846 343 1060 424 retineretur,
1090 341 1167 410 dum
1192 344 1333 412 Cartha·

190 451 381 536 giniensium
404 451 504 535 legati
526 451 688 532 vernent,
710 449 797 516 unde
818 455 972 534 apparet,
995 471 1050 517 eos
1070 455 1137 537 jam
1171 474 1243 520 esse
1280 477 1332 521 ex·

191 564 371 644 spectatos3
394 565 507 624 eontra
528 557 628 640 XXX,
651 560 703 639 21,
730 559 766 623 11
791 557 901 624 Laelio
923 557 1054 623 dimisso
1076 557 1176 643 legati
1196 557 1333 628 Cartha-

190 667 381 752 giniensium
402 689 442 733 ex
463 665 654 750 improviso,
678 670 715 730 ut
735 664 872 744 ridetur,
894 664 1087 747 adveniunt;
1119 665 1251 733 Laelius
1275 690 1331 734 au·

190 779 258 840 tem
269 794 309 839 ex
321 775 437 840 itinere
451 777 635 839 revocatur.
658 771 782 838 Deinde
795 769 894 854 XXX,
905 775 966 853 22,
986 778 1000 836 l
1015 771 1171 858 legimus,
1207 773 1333 860 legatos

190 881 325 948 eandem
346 879 414 945 fere
435 879 625 961 orationem,
647 899 744 962 quam
766 878 854 964 apud
867 877 1050 964 Scipionem
1057 879 1225 963 babuisse,
1247 903 1332 966 quae

189 989 218 1056 si
239 988 312 1073 quis
333 1008 393 1073 per
414 1009 449 1054 se
472 987 716 1072 contemplatur,
733 987 918 1054 necessario
941 987 1070 1070 credet,
1091 987 1223 1054 medem
1244 989 1332 1076 lega-

194 1101 246 1162 tos
268 1095 450 1179 significari,
473 1094 530 1179 qui
554 1093 596 1160 ad
618 1092 798 1178 Scipionem
810 1092 846 1160 L.
859 1092 965 1175 XXX,
990 1099 1049 1176 16,
1073 1095 1194 1161 2missi
1221 1102 1331 1178 erant;

190 1203 248 1269 sed
270 1202 350 1269 alios
371 1223 443 1269 esse
464 1206 602 1287 apparet
625 1221 665 1266 ex
686 1191 795 1282 XXX',
831 1204 883 1282 22,
907 1206 942 1282 5,
976 1201 1033 1268 ubi
1055 1221 1167 1268 omnes
1196 1207 1333 1288 juvenes

189 1309 290 1376 fuisse
320 1310 480 1376 dicuntur.
524 1308 574 1374 Ad
608 1308 790 1392 Scipionem
823 1329 899 1375 vero
929 1310 1166 1376 sanctissimum
1190 1311 1330 1379 Cartha·

191 1418 381 1502 giniemmm
404 1417 568 1484 consilium
589 1421 739 1497 venerut,
768 1417 801 1482 id
826 1423 876 1483 est
898 1437 992 1484 senes
1027 1418 1064 1483 L.
1087 1417 1194 1500 XXX,
1225 1424 1279 1503 16,
1305 1426 1333 1486 3.

189 1525 340 1592 Editores
363 1525 492 1610 quidem
514 1525 639 1590 Livium
659 1524 830 1592 defendere
852 1525 1002 1608 student;
1033 1527 1091 1593 sed
1112 1527 1197 1593 hanc
1217 1528 1333 1596 dictio·

187 1654 261 1700 nem
283 1633 398 1699 saltem
419 1633 603 1719 ambiguam
626 1653 697 1700 esse
719 1639 873 1717 apparet,
898 1653 1002 1717 neque
1022 1633 1130 1700 Livius
1151 1655 1292 1720 prorsus
1315 1659 1335 1703 a

188 1737 369 1822 suspicione
392 1737 523 1805 liberari
552 1742 671 1823 potest,
722 1739 784 1805 eibi
805 1739 1001 1822 repugnatio
1030 1741 1222 1806 narravisse.
1269 1741 1334 1807 Sed

188 1845 287 1911 ctiam
309 1844 414 1930 ipsum
437 1844 593 1911 narrandi
614 1866 714 1930 genus
734 1845 873 1925 indicat,
908 1845 989 1912 haee
1018 1847 1126 1931 capita
1160 1847 1217 1913 alii
1249 1849 1333 1916 fonti

188 1951 317 2034 deberi,
340 1973 437 2038 quarn
460 1952 516 2037 qui
537 1955 571 2019 in
592 1953 691 2020 rebus
713 1952 842 2018 Africae
871 1958 1065 2036 usurpatum
1098 1960 1198 2039 atque
1231 1957 1333 2022 etiam

187 2059 286 2143 XXX,
310 2065 362 2144 24,
388 2065 472 2126 1-4
494 2060 534 2128 ad
558 2061 691 2127 annales
713 2061 885 2145 pertinere.
909 2095 951 2110 -

272 2170 396 2236 Deinde
418 2191 494 2238 vero
515 2171 616 2252 XXX,
635 2149 699 2252 24,
730 2174 748 2233 5
771 2169 881 2236 Livius
894 2168 982 2236 redit
1013 2169 1055 2236 ad
1085 2169 1208 2236 lentem
1229 2172 1333 2255 XXX,

192 2280 230 2340 17
254 2276 425 2345 desertam.
469 2279 516 2344 Ao
539 2277 689 2362 Polybius
711 2275 852 2360 quidem,
876 2277 932 2360 qui
952 2275 993 2342 de
1006 2297 1247 2344 summarerum
1259 2299 1332 2346 cum

187 2379 277 2449 Livio
299 2385 470 2465 consentit,
492 2384 596 2466 affert,
619 2385 744 2467 legatos
766 2405 787 2448 a
809 2381 957 2468 Scipione
973 2381 1199 2468 Carthaginem
1215 2386 1333 2453 missos

187 2509 296 2556 eoram
320 2497 436 2558 senatu
459 2497 493 2558 et
514 2490 600 2574 apud
624 2489 778 2575 populum
798 2490 898 2556 verba
919 2490 1044 2574 fecisse,
1057 2491 1334 2576 nimiaqueliber-

187 2602 257 2663 tate
289 2602 443 2682 utrosque
476 2597 664 2664 irritavisse.
709 2597 848 2663 Senatus
877 2597 979 2681 igitur
1008 2599 1112 2664 iratus
1142 2620 1198 2665 eor
1231 2600 1333 2666 inter·

187 2704 288 2772 imore
318 2708 405 2789 vult,
446 2727 485 2772 ac
513 2705 589 2772 dum
615 2727 674 2791 per
707 2706 847 2790 speciem
890 2705 1025 2773 navibus
1060 2706 1190 2772 domum
1220 2725 1333 2793 prose-

187 2813 308 2898 quitur,
331 2813 414 2880 clam
434 2814 635 2881 Hasdrubali
657 2814 825 2900 praecipit,
849 2818 887 2878 ut
908 2833 963 2880 eos
986 2815 1226 2899 aggrederetur,
1243 2817 1336 2900 quod

187 2920 243 2988 ille
265 2922 427 2988 nonnullis
457 2923 644 2989 triremibus
676 2923 783 2989 missis
812 2941 918 3006 prope·
940 2921 1060 2988 flumen
1080 2919 1214 2990 Macran
1241 2923 1333 2992 iacit.

170 3027 393 3104 ‚Omnesfere
409 3029 546 3096 Romani
568 3031 747 3112 intereunt;
769 3029 833 3113 ipsi
852 3029 954 3114 legati
973 3035 1152 3097 servantur.
1165 3069 1207 3079 -—-
1227 3031 1342 3099 Paulo·

114 3141 116 3145 ‘
185 3136 285 3202 aliter
316 3136 441 3219 Livius,
486 3138 542 3222 qui
575 3137 671 3202 dicit:
703 3136 859 3221 Legatos,
898 3137 954 3221 qui
987 3138 1117 3204 omnino
1148 3139 1333 3206 orationem

188 3265 254 3310 non
275 3244 469 3327 habuerunt,
492 3251 627 3330 propter
647 3245 759 3330 populi
781 3244 922 3312 imorem
947 3266 968 3311 a
990 3251 1105 3312 senatu
1126 3247 1271 3331 petiisse,
1294 3255 1332 3314 ut
1390 3296 1393 3304 .

181 3351 323 3419 navibus
353 3375 389 3419 se
420 3361 704 3438 prosequerentur.
749 3352 819 3432 Quo
841 3351 928 3421 facto
957 3375 1029 3420 cum
1056 3354 1099 3420 ad
1120 3353 1240 3421 flumen
1261 3356 1332 3422 Ba·
1398 3347 1399 3390 l

188 3459 324 3546 gradem
341 3462 571 3545 pervenissent,
596 3463 638 3528 ab
671 3460 878 3528 Hasdrubale
911 3447 1016 3528 tribus
1046 3463 1333 3548 quinqueremibus

186 3571 326 3654 impetus
347 3570 381 3635 in
404 3591 460 3636 eos
482 3569 540 3652 lit3
570 3569 693 3652 addito,
728 3569 862 3637 dubium
893 3590 979 3651 esse,
1013 3576 1121 3636 utrum
1144 3569 1333 3639 Hasdrubal

152 3681 154 3685 ’
185 3677 310 3764 injussu
333 3683 464 3744 senatus
486 3676 609 3759 lecerit,
628 3698 741 3743 neone.
787 3676 906 3742 Omnes
929 3682 1036 3743 autem
1059 3675 1236 3744 incolumes
1259 3700 1332 3746 eva·

187 3787 283 3870 dunt,
317 3786 409 3854 navis
446 3791 573 3852 tantum
600 3789 728 3873 jactura
761 3782 857 3852 laeta.
901 3782 969 3851 Liv.
1002 3773 1102 3868 XXX,
1127 3789 1187 3868 25,
1212 3788 1331 3854 1-10.

186 3895 276 3961 Haeo
295 3895 396 3980 igitur
417 3893 504 3980 apud
526 3902 700 3980 utrumque
722 3896 915 3978 scriptorem
937 3893 971 3960 in
992 3894 1175 3961 universum
1200 3895 1332 3978 quidem

185 4003 287 4070 simili·
305 4002 400 4070 modo
424 4009 617 4088 narrantur,
646 4004 753 4071 eadsi
776 4002 919 4087 singulas
941 4022 995 4070 res
1016 4006 1163 4086 spectes,
1197 4015 1334 4087 prorsus
1398 4005 1399 4018 ¹

186 4111 314 4179 diversa
337 4119 421 4182 sunt.
1018 4115 1019 4120 ’
