2834 4608
652 221 690 284 41

128 405 335 490 antecedere,
363 414 396 474 et
415 405 488 471 loca
516 406 624 503 omnia
647 406 733 472 circa
763 405 831 471 vias
863 406 1040 470 incursare.
1093 404 1158 486 Qui
1187 412 1222 468 ut

128 512 314 598 quindecim
340 514 443 578 ferme
466 513 591 579 milium
618 514 723 602 spatio
744 516 784 580 ab
807 516 890 580 urbe
920 513 1037 579 absunt
1057 511 1222 578 Hannibal

127 643 248 706 agmen
270 623 359 688 iubet
382 618 579 704 consistere,
609 633 641 688 et
667 622 803 689 ducibus
831 624 1027 706 convocatis,
1051 633 1086 687 ut
1108 622 1221 688 omnes

125 730 215 796 viros
246 733 346 797 fortes
376 755 411 799 se
443 734 621 822 praebeant
650 743 776 817 monet,
815 743 850 799 ut
881 730 1221 798 excedereordinem

126 839 268 924 agminis
291 841 456 906 neminem
477 863 608 907 suorum
637 840 820 930 patiantur,
852 850 1017 928 postremo
1040 851 1076 905 ut
1098 839 1143 904 ad
1161 838 1223 902 im-

126 948 220 1037 peria
243 948 429 1038 accipienda
451 973 565 1016 omnes
595 950 711 1016 intenti
741 950 815 1019 sint.
865 949 948 1015 Tum
972 949 1027 1022 ubi
1054 949 1119 1014 iam
1148 969 1223 1014 con‘·

127 1057 323 1142 tenebravit,
344 1059 485 1146 primum
508 1081 626 1146 agmen
645 1070 759 1126 'movet
778 1059 813 1124 id
835 1059 968 1124 studens
992 1067 1029 1123 ut
1048 1058 1088 1123 ad
1111 1079 1221 1123 muros

127 1167 214 1232 eirca
236 1167 376 1232 mediam
399 1177 530 1234 noctem
553 1167 732 1257 perveniat.
789 1168 869 1234 Dux
894 1176 943 1233 est
965 1166 1092 1233 itineris
1114 1164 1222 1230 Phile·

127 1297 253 1342 menus.
296 1277 427 1342 Interea
456 1277 541 1343 circa
571 1277 649 1342 solis
680 1299 828 1342 occasum
851 1277 889 1342 O.
910 1277 1005 1342 Livio
1029 1276 1084 1360 qui
1105 1273 1146 1338 de
1169 1273 1222 1338 die

126 1386 162 1450 in
184 1386 333 1452 Museum
354 1408 425 1451 cum
448 1387 559 1452 amicis
575 1367 908 1452 convivaturusvenit
923 1384 1061 1450 nuncius
1077 1383 1221 1465 affertur,

127 1494 288 1562 Numidas
311 1519 425 1583 agrum
455 1497 615 1586 populari.
666 1497 730 1561 Ille
760 1495 883 1561 vocatis
912 1496 1078 1562 nonnullis
1102 1495 1222 1560 ducum

126 1614 163 1670 ut
183 1604 289 1692 prima
311 1605 386 1670 luce
408 1605 542 1670 dimidia
574 1627 650 1692 pars
679 1605 824 1693 equitum
853 1615 950 1670 exeat
972 1604 1082 1688 edicit,
1109 1604 1150 1668 ad
1172 1627 1221 1669 ar·
1317 1669 1323 1677 ,

127 1712 268 1780 cendum
294 1714 557 1803 populationibus
577 1737 733 1799 agrorum
753 1716 890 1796 hostem.
938 1715 1022 1780 Tum
1044 1737 1064 1778 a
1084 1713 1222 1796 Nicone,

127 1824 299 1911 Tragisco,
320 1824 391 1889 aliis
414 1826 600 1912 praefectus
618 1825 759 1913 praesidi
781 1824 857 1890 vino
878 1824 988 1910 gravis
1009 1849 1027 1888 a
1048 1845 1149 1889 coena
1169 1844 1218 1888 re·

130 1931 226 1998 diens
247 1933 378 1998 domum
405 1957 494 1999 suam
527 1935 708 2001 deducitur.
749 1935 833 2001 Nice
866 1956 943 2000 vero
978 1944 1011 2000 et
1031 1934 1220 2018 Tragiscus,

129 2041 372 2107 coniuratorum
396 2065 491 2108 manu
521 2044 682 2110 trifariam
711 2043 822 2124 divisa,
853 2044 993 2109 maxime
1021 2051 1222 2133 opportunos

126 2172 274 2236 quosque
295 2151 359 2216 fori
390 2151 496 2216 aditus
529 2152 693 2240 praesidio
723 2162 836 2218 tenent
867 2163 1061 2240 occupat0s;
1092 2174 1133 2218 ne
1166 2162 1221 2217 aut

129 2254 254 2342 eorum,
278 2281 360 2346 quae
390 2261 468 2325 foris
490 2261 680 2328 adferantur
712 2261 888 2349 quidquam
922 2263 1011 2350 ipsos
1038 2264 1137 2328 lateat
1167 2271 1223 2327 aut

126 2369 241 2434 eoram
256 2389 338 2454 quae
353 2369 388 2432 in
405 2370 487 2460 urbe
501 2370 701 2457 contingant.
742 2371 849 2437 Nocte
870 2394 948 2437 vero
971 2373 1035 2436 iam
1057 2381 1224 2460 provecta,

127 2502 202 2554 cum
224 2488 310 2545 totus
338 2479 395 2545 ille
420 2503 437 2544 a
460 2502 560 2545 coena
584 2480 789 2546 redeuntium
821 2482 974 2569 strepitus
1004 2481 1225 2570 praeterierit,

130 2589 216 2655 Nico
240 2600 272 2655 et
292 2587 481 2676 Tragiscus,
501 2591 595 2677 signo
619 2591 779 2684 adventus
807 2593 847 2657 ab
877 2591 1063 2658 Hannibale
1088 2615 1105 2656 c
1128 2591 1221 2677 Hya·
1296 2573 1298 2580 .

126 2699 229 2764 cinthi
252 2700 376 2766 tumulo
399 2700 498 2782 edito,
529 2701 617 2766 faces
639 2699 792 2768 attollunt
813 2712 845 2766 et
867 2702 907 2766 ad
937 2711 1064 2788 portam
1089 2710 1224 2766 conten-

129 2804 220 2889 dunt,
237 2818 273 2872 ut
294 2809 512 2874 excubantem
534 2809 568 2874 in
591 2810 660 2875 eius
680 2810 842 2876 vestibulo
866 2811 1037 2876 stationem
1056 2811 1146 2900 prius
1169 2834 1222 2876 oc-

132 2914 255 3000 cidant,
287 2939 382 3001 quam
421 2917 535 3006 codem
571 2919 859 3005 Carthaginienses
893 2919 1115 3018 pervenerint.
1173 2919 1222 2986 Re

127 3023 270 3090 feliciter
283 3035 427 3113 peracta,
450 3028 535 3093 iusto
550 3037 696 3116 tempore
717 3029 810 3094 adest
830 3029 1009 3100 Hannibal,
1032 3029 1088 3114 qui
1109 3031 1222 3094 urbem

30 3143 38 3162 “
125 3131 296 3217 ingressus
330 3135 437 3200 forum
467 3137 559 3224 petit.
618 3131 749 3202 Interea
781 3137 993 3204 Philemenus
1026 3139 1124 3203 aliam
1145 3163 1220 3229 por·

127 3250 195 3306 tam
228 3264 404 3328 aggressus
435 3269 526 3311 muro
560 3245 622 3309 iam
654 3247 843 3334 proximus,
878 3247 935 3312 ubi
970 3247 1011 3312 de
1043 3270 1133 3314 more
1156 3249 1222 3334 sig-

128 3375 208 3417 num
231 3353 329 3419 sibilo
351 3355 451 3440 dedit,
474 3365 582 3422 custos
604 3358 770 3444 extemplo
793 3359 834 3422 ad
856 3358 1018 3445 portulam
1043 3358 1223 3444 descendit,

129 3470 164 3526 et
186 3483 319 3549 sperans
342 3465 429 3549 quod
451 3465 615 3552 auspicato
636 3474 774 3530 venatus
797 3487 867 3531 esse
881 3467 1092 3535 Philemenus
1114 3468 1222 3534 videa·

97 3583 99 3586 ’
130 3579 195 3654 tur,
229 3571 271 3636 ad
295 3595 330 3638 se
364 3595 493 3661 qnoque
525 3575 672 3640 nonnihil
707 3598 777 3640 eam
816 3599 885 3641 rem
908 3577 1073 3664 pertinere
1096 3587 1222 3666 portam

129 3680 265 3746 festinat
279 3683 416 3770 aperire.
439 3682 507 3750 Sed
523 3684 737 3750 Philemenus
760 3707 831 3749 cum
853 3695 989 3772 quatuor
1011 3684 1083 3751 aliis
1105 3708 1220 3772 aprum

126 3791 331 3876 portantibus
346 3793 508 3879 portulam
523 3793 663 3880 ingressi
680 3816 698 3858 e
717 3795 856 3878 vestigio
876 3795 1044 3880 custodem
1059 3795 1223 3861 occidunt.

127 3899 208 3966 Mox
229 3899 364 3986 triginta
389 3900 482 3967 Afris
509 3925 568 3988 per
591 3903 753 3989 portulam
776 3902 861 3968 intro
885 3904 1027 3992 receptis
1050 3904 1091 3968 ali
1111 3914 1222 3972 vectes

129 4009 321 4095 effringunt,
341 4011 383 4075 ali
409 4011 621 4077 excubantem
639 4011 678 4078 ad
701 4021 826 4098 portam
848 4011 1020 4078 stationem
1047 4013 1220 4082 trucidant.

127 4117 201 4200 Quo
223 4125 313 4184 secto
335 4118 399 4185 iam
420 4141 533 4186 omnes
556 4120 663 4187 forum
679 4122 1064 4210 pcnnt,·Hannibalique
1086 4145 1122 4189 se
1143 4147 1220 4190 con·
