2834 4608
726 172 773 237 waa

204 382 280 454 dum
303 385 443 468 videtur,
476 386 559 452 nihil
590 386 625 449 in
647 383 783 452 Liviana
813 382 954 450 inveniri
977 385 1175 467 narratione,
1208 385 1301 450 euius

204 496 291 584 apud
314 496 487 582 Polybium
510 517 577 561 non
593 506 706 562 extent
727 496 877 582 vestigia,
900 496 1007 582 quoad
1023 495 1191 564 Graecum
1215 517 1303 561 eom-

200 627 318 694 parare
349 606 428 674 licet
463 615 639 672 auctorem.
699 604 784 672 Nam
804 615 841 670 ut
877 628 933 671 eos
974 606 1064 670 locos
1103 603 1301 689 significem,

202 715 319 802 quibus
352 714 496 800 largiora
529 715 624 781 nobis
659 713 869 802 suppeditare
891 711 1003 779 Livius
1035 712 1167 778 videtur
1202 736 1302 799 quam

201 823 374 910 Polybius,
408 825 443 889 in
470 823 583 918 eapitis
608 823 694 889 sexti
723 822 816 889 initio
839 823 952 908 legati,
973 821 1088 910 inquit,
1111 822 1154 887 ad
1176 823 1304 888 Hanni-

200 933 308 998 balem
328 933 416 998 missi
440 933 634 1020 remissique
657 932 697 998 ab
720 953 851 998 eccum
875 932 1061 998 Hannibale
1095 931 1201 997 nobili
1224 931 1303 998 adu-

201 1042 351 1110 lescente
374 1044 595 1130 Hippocrates
618 1054 651 1107 et
673 1041 858 1132 Epicydes,
882 1043 949 1110 nati
986 1040 1209 1126 Carthagine,
1245 1041 1304 1106 sed

202 1150 332 1218 oriundi
354 1154 394 1218 ab
418 1152 593 1237 Syracusis
628 1153 725 1218 exule
745 1174 824 1232 avo,
854 1151 956 1217 Poeni
976 1151 1040 1238 ipsi
1070 1161 1219 1216 materno
1246 1174 1304 1238 ge·

201 1283 290 1328 nere.
334 1261 458 1330 Contra
480 1262 639 1348 Polybius
661 1262 706 1326 ita
729 1262 863 1328 exhibet
874 1263 915 1346 ¹):
938 1257 997 1328 σύν
1016 1260 1053 1328 δὲ
1076 1253 1300 1338 τούτοις“Ἀν-

197 1370 292 1453 ,νίβαν
312 1366 370 1438 τὸν
391 1367 626 1458 Καρχηδόνιον,
648 1362 726 1438 rivae
747 1367 823 1437 τότε
844 1365 1041 1457 τριήραρχον
1063 1370 1118 1436 καὶ
1140 1369 1219 1449 τούς
1239 1376 1304 1436 Συ·

202 1480 395 1565 ρακουσίους
413 1475 628 1566 Ἱπποκράτη,
637 1481 692 1546 καὶ
716 1477 774 1548 τὸν
796 1473 940 1570 α’δείφὸν
959 1473 1060 1545 αὐτοῦ
1071 1475 1129 1546 τὸν
1142 1475 1304 1564 νεώτερον
1386 1495 1387 1530 r

200 1582 354 1675 Ἔπικίδη
366 1639 375 1655 .
387 1588 552 1672 συνέβαινε
580 1588 617 1656 δὲ
631 1583 769 1669 τούτους
793 1586 871 1668 τούς
886 1582 1004 1675 ίίνδρας
1025 1589 1080 1654 καὶ
1099 1588 1206 1654 πλείω
1228 1584 1302 1675 χρό-

199 1722 256 1764 νον
276 1689 338 1786 ἤδη
359 1694 600 1784 στρατεύεσθαι
620 1691 696 1783 μετ’
725 1691 886 1781 Ἀννίβου,
914 1697 1191 1790 πολιτευομένους
1212 1696 1303 1784 παρὰ

201 1808 438 1896 Καρχηδονίοις
459 1805 513 1875 διὰ
544 1806 582 1875 τὸ
617 1805 749 1898 φεύγειν
770 1801 877 1874 αὐτῶν
896 1804 954 1877 τὸν
976 1803 1119 1875 πάππον
1141 1808 1304 1898 ἒκιΣυρα-
1386 1851 1387 1864 1

199 1920 337 2001 κουσῶν,
369 1913 508 2000 δόξαντα
531 1917 805 2004 προοενήνοχέναι
829 1913 888 1996 τὰς
918 1922 1030 2003 χεῖρας
1061 1914 1108 1984 tvl
1128 1921 1196 1983 τῶν
1210 1911 1304 2004 Ἀχα-

139 2063 147 2075 ·
198 2025 361 2106 consang
393 2022 474 2092 υίοῖν
502 2021 710 2114 Ἀχαθάρχῳ.
754 2026 823 2095 Sed
845 2050 886 2092 ne
909 2028 980 2116 quis
1003 2025 1080 2093 inde
1104 2026 1193 2114 quod
1217 2051 1304 2093 unus
1386 2063 1387 2106 3

200 2136 311 2202 Livius
334 2137 570 2226 Hippocratem
594 2148 627 2205 et
637 2138 824 2226 Epicydem
840 2139 965 2204 Punica
986 2149 1091 2204 matre
1113 2149 1209 2206 natos
1230 2161 1303 2206 esse
1386 2121 1387 2124 Ἴ

196 2245 308 2338 tradit,
337 2246 564 2333 colligendum
597 2269 668 2314 essa
692 2247 857 2313 existimet
890 2269 965 2314 eum
986 2258 1154 2314 auctorem
1175 2248 1303 2316 adiisse

199 2376 311 2420 rerum
335 2355 535 2421 abundantia
564 2366 786 2445 praestantem
808 2356 969 2442 Polybi0,
999 2357 1166 2442 facillime,
1201 2381 1302 2426 nemo

97 2487 99 2491 ·
201 2463 319 2551 opinor
350 2466 496 2551 negabit,
531 2487 575 2531 ex
605 2464 683 2554 ipsis
720 2467 842 2552 Polybi
873 2466 981 2534 verbis
1008 2468 1184 2534 Livianum
1217 2468 1305 2534 illud
1386 2523 1387 2532 ,

201 2573 346 2659 potuisse
370 2575 486 2641 conici.
1136 2585 1140 2590 ’

284 2683 389 2748 Porro
422 2683 457 2749 in
486 2684 635 2750 eiusdem
666 2685 781 2774 capitis
816 2686 1023 2774 paragrapho
1045 2693 1161 2772 quarta
1186 2686 1304 2752 Livius
1386 2701 1387 2718 l

199 2789 293 2878 Appi
307 2789 426 2858 Claudi
445 2815 566 2860 nomen
576 2793 679 2876 addit,
702 2792 794 2860 cuius
806 2794 919 2863 Sicilia
938 2803 1008 2860 tum
1028 2804 1100 2858 erat
1120 2795 1305 2882 provincia,
1386 2785 1387 2848 ἓ

202 2921 276 2966 cum
298 2899 457 2987 Polybius
486 2901 589 2968 dicat:
625 2898 643 2968 ὁ
669 2902 863 2988 τεταγμένος
882 2903 939 2969 ἐπὶ
959 2903 1145 2986 Λιλυβαίου
1168 2927 1305 2992 στρατη

195 3002 257 3094 ,yde
277 3011 344 3074 τῶν
363 3005 546 3095 Ῥωμαίων.
591 3012 658 3080 Sed
679 3034 722 3077 ne
743 3012 797 3078 hio
822 3012 954 3097 quidem
983 3013 1025 3078 de
1053 3013 1118 3079 alio
1141 3014 1305 3102 scriptore

202 3119 415 3204 cogitandum
437 3143 520 3206 esse,
555 3145 618 3210 quo
644 3145 718 3187 cum
743 3123 924 3188 accuratior
958 3134 1044 3189 esset
1066 3123 1220 3210 Polybio,
1247 3123 1306 3190 Li-

200 3227 272 3293 vius
294 3253 372 3296 usus
397 3232 448 3314 sit,
469 3253 529 3318 per
552 3253 586 3296 se
608 3240 699 3319 patet
708 3233 744 3316 ²).
789 3232 919 3298 Etenim
941 3255 1013 3298 eum
1025 3232 1138 3299 Livius
1160 3233 1195 3298 in
1218 3234 1305 3322 prio-

207 3435 212 3442 ·
272 3406 427 3478 llBelrksr
445 3426 473 3478 p.
492 3409 543 3462 551
563 3425 589 3461 v.
609 3409 634 3462 3.

241 3525 246 3544 ι
273 3505 301 3573 9)
321 3503 493 3574 Quamquam
507 3521 542 3558 ne
563 3503 747 3574 prohibemur
755 3506 876 3574 quidem,
895 3506 1043 3576 quominus
1053 3523 1153 3576 parum
1171 3511 1303 3562 accurate

201 3600 465 3671 aConstantinianis
481 3601 710 3670 compilatoribus
721 3601 821 3671 Polybi
841 3604 927 3658 verba
945 3603 1140 3659 exhibitaesse
1153 3621 1304 3658 sumamus.

204 3697 288 3752 Cuius
306 3697 349 3752 rai
367 3698 490 3770 adauget
508 3699 704 3769 suspicionem,
734 3701 810 3770 quod
828 3700 944 3756 Ursinus
969 3701 1063 3770 posito
1081 3701 1216 3774 asterisco
1239 3705 1303 3771 post
1386 3731 1387 3734 =

201 3798 288 3852 verba
313 3798 368 3852 τῶν
393 3795 539 3869 Ῥωμαίων
562 3799 656 3853 locum
682 3799 812 3854 mutilum
841 3815 903 3854 esse
930 3815 964 3853 ac
991 3797 1156 3852 mendosum
1183 3798 1300 3854 indicat.

202 3893 281 3949 Idem
310 3895 490 3950 statuendum
519 3913 580 3950 esse
607 3896 641 3951 de
670 3898 764 3951 verbis
790 3895 874 3965 paulo
897 3895 971 3950 infra
988 3894 1164 3950 extantibus:
1194 3890 1238 3950 εἴτ’
1269 3894 1282 3948 ἒ
1338 3905 1342 3912 ’

205 3997 282 4064 μίσει
307 3985 394 4046 ὅντων
417 3994 472 4049 τῶν
496 3993 678 4065 πρεσβευτῶν,
708 3991 752 4048 εἴτ’
780 3994 821 4061 ἐν
827 3997 906 4066 μίσει
922 3987 1010 4048 ίίντων
1026 3993 1081 4047 τῶν
1102 3991 1299 4063 Καρχηδονίων

203 4089 384 4144 manifestum
402 4093 454 4145 est.
492 4091 568 4158 Quae
586 4090 627 4145 ita
645 4090 675 4145 in
694 4090 835 4160 integrum
853 4091 1026 4147 constituere
1044 4092 1161 4146 conatus
1179 4091 1223 4146 eat
1231 4088 1296 4143 Em.
