2834 4608
664 209 712 280 ’23

138 398 329 488 Philippum
354 422 420 468 non
440 400 546 466 solum
570 399 732 470 Graeciae
758 401 890 490 petiisse
914 399 1100 488 imperium,
1123 415 1236 464 verum

133 509 239 576 etiam
264 511 304 576 de
327 510 423 576 Italia
445 511 560 600 opibus
582 512 649 577 suis
665 511 827 596 cogitasse
850 509 1062 596 adiungenda
1078 506 1247 594 Polybius

135 620 238 686 docet
259 620 293 685 in
317 620 449 688 libri·v
473 622 580 709 capite
598 623 655 690 CI.
684 622 752 691 Sed
773 644 809 687 re
830 644 910 687 vera
936 621 1002 686 tale
1024 619 1126 684 fuisse
1150 619 1239 684 Han·

133 729 256 796 nibalis
277 730 449 798 consilium
473 733 568 818 quale
594 732 708 798 Livius
730 733 874 811 exhibet,
898 741 934 796 ut
956 751 1086 799 omnem
1109 728 1237 794 Italiam

136 841 197 904 sub
221 839 543 927 Carthaginiensium
558 843 730 929 redigeret
748 843 935 932 imperium,
957 841 992 906 in
1008 841 1160 906 confesso
1178 845 1237 902 est.

135 949 256 1035 ltaque
277 951 349 1016 fieri
369 952 514 1040 potuisse
536 975 602 1018 non
624 975 723 1037 nego,
745 962 781 1016 ut
805 953 843 1050 in!
858 973 897 1017 ea
919 950 1114 1018 narrationis
1134 955 1238 1034 parte,

140 1080 226 1145 quae
249 1061 401 1147 proxime
423 1061 773 1166 excipiebatsloederis
797 1050 977 1128 formulam'
997 1059 1148 1125 similiter
1171 1058 1235 1123 Po·

132 1168 248 1254 lybius
270 1169 311 1234 de
331 1170 419 1237 veris
440 1171 637 1238 Hannibalis
659 1171 837 1238 dissereret
860 1169 1015 1236 consiliis.
1065 1167 1237 1250 Quomodo

131 1277 237 1363 igitur
258 1301 314 1344 eos
335 1280 487 1346 refellam
511 1281 642 1366 ignore,
669 1282 725 1368 qui
745 1281 877 1346 Livium
907 1280 935 1346 si
956 1303 1023 1346 non
1042 1279 1146 1365 ipsam
1169 1279 1237 1346 foe·

131 1386 224 1454 deris
247 1388 422 1456 formulam
454 1389 496 1454 ad
525 1390 700 1475 Polybiani
730 1390 930 1479 exemplaris
954 1389 1054 1454 fidem
1083 1408 1236 1454 exarasse

135 1497 335 1581 concedunt,
357 1507 391 1563 at
412 1498 457 1564 ita
478 1499 568 1566 fonte
591 1521 637 1566 eo
654 1523 749 1565 usum
773 1519 844 1566 esse
867 1499 995 1583 volunt,
1018 1507 1055 1562 ut
1077 1496 1236 1584 praecisis

137 1607 195 1689 eis,
216 1629 301 1692 quae
323 1607 407 1674 iusto
430 1608 593 1696 copiosius
615 1608 672 1673 ille
703 1608 876 1676 videbatur
898 1607 1102 1696 exposuisse,
1125 1627 1235 1670 narra·
1355 1623 1358 1640 ¹

134 1714 262 1782 honam
294 1739 385 1782 suam
410 1717 502 1804 quasi
533 1727 730 1808 excerperet
753 1739 771 1784 e
791 1717 942 1804 Polybio.
974 1715 1137 1797 ¹Quorum
1164 1705 1236 1782 scn-

135 1826 264 1892 tentiae
286 1826 396 1892 neseio
420 1849 460 1892 an
481 1827 517 1894 id
539 1849 669 1916 quoque
692 1825 862 1892 commode
886 1826 1049 1909 obveniat,
1071 1823 1160 1911 quod
1180 1823 1235 1890 Li-

132 1932 206 1999 vius
219 1937 246 2018 ¹)
270 1958 344 2000 cum
366 1957 386 2000 a
405 1937 503 2002 rebus
524 1936 649 2004 Italicis
668 1935 710 2002 ad
727 1935 872 2006 Graecas
893 1945 1010 2024 perget
1026 1933 1236 2016 enarrandas,

131 2041 167 2110 in
180 2043 268 2110 hano
283 2043 535 2129 dimicationem,
556 2045 672 2132 inquit,
694 2046 834 2112 duorum
857 2044 1179 2133 opulentissimorum
1201 2043 1234 2110 i'n

132 2152 233 2218 terris
254 2154 453 2242 populorum
475 2179 589 2223 omnes
609 2179 707 2243 reges
734 2165 917 2241 gentesque
939 2153 1063 2220 animos
1085 2153 1234 2220 intende-

133 2271 221 2345 rant,
242 2262 328 2330 inter
350 2287 431 2351 quos
447 2265 620 2355 Philippus
634 2266 853 2332 Macedonum
869 2287 930 2330 rex
956 2278 1002 2329 eo·
1018 2262 1121 2350 magia
1145 2261 1232 2350 quod

135 2372 276 2460 propior
298 2374 415 2441 Italiae
437 2398 475 2442 ac
498 2376 726 2442 maritantem
748 2376 860 2442 Ionico
883 2374 1045 2439 discretus
1066 2381 1144 2440 erat.
1181 2371 1234 2440 Si-

137 2480 261 2547 militer
284 2483 444 2567 Polybius
466 2485 501 2550 in
522 2485 599 2551 libri
622 2485 654 2548 V
679 2485 784 2572 capite
810 2483 871 2550 GV
894 2483 988 2550 dicit:
1017 2474 1056 2549 ori
1083 2477 1143 2568 γὰρ
1175 2480 1235 2546 Φί-

135 2587 263 2669 λιππος
279 2582 348 2658 οὐδ’
363 2586 395 2658 οὶ
415 2594 482 2658 τῶν
496 2588 655 2680 Ἑλλήνων
670 2596 880 2678 προεστῶτες
895 2582 1051 2677 ἄρχοντες
1069 2587 1155 2675 πρὸς
1175 2586 1235 2669 ude

135 2694 219 2764 κατὰ
238 2694 299 2786 τήν
323 2695 463 2768 Ἑλλάδα
492 2698 632 2788 πράξεις
660 2697 856 2788 ποιούμενοι
883 2698 942 2782 τὰς
965 2698 1134 2790 αἰαφοράς
1156 2691 1232 2766 odire

135 2802 215 2886 τούς
228 2807 394 2893 πολέμους
409 2801 484 2878 eiius
505 2808 567 2892 ιολς
586 2808 748 2892 διαλύσεις
765 2812 939 2881 ἐποιοῦντο
959 2807 1046 2897 πρὸς
1066 2803 1232 2898 ἀλλήλους,

138 2907 208 2982 ἀλλ’
232 2907 293 3004 ἤδη
314 2914 439 3000 πάντες
462 2918 549 3008 πρὸς
571 2919 649 3002 σούς
670 2923 703 2990 ἐν
726 2914 844 3011 Ἰταλλᾳ
864 2917 1011 3000 σκοποὺς
1034 2913 1234 3005 ἀπέβλεπον,

136 3025 261 3108 ταχέως
288 3027 324 3094 δὲ
355 3030 408 3094 καὶ
440 3031 519 3116 περὶ
545 3029 623 3112 σούς
644 3026 877 3120 moisiacensi
897 3022 1103 3110 ιούςᾍσίαι
1124 3052 1234 3098 κατοι-

20 3127 22 3134 λ
137 3137 276 3215 norimus
293 3132 333 3206 τὸ
355 3135 588 3228 παραπλήσιον
607 3140 723 3228 συνέβη
744 3141 907 3227 γενέσθαι.
941 3139 1011 3208 Sed
1034 3139 1113 3206 licet
1135 3138 1244 3206 simil·

137 3241 216 3309 lima
234 3245 371 3313 Liviana
393 3249 554 3314 sententia
575 3249 724 3316 videatur
748 3249 961 3336 Polybianae,
983 3257 1093 3314 tamen
1118 3269 1231 3312 caven·

141 3351 219 3418 dum
236 3363 294 3438 eat,
317 3377 359 3420 ne
379 3356 415 3421 in
428 3357 502 3423 Livi
524 3358 633 3425 verbis
655 3358 913 3426 luculentissima
926 3357 1048 3427 Graeci
1063 3357 1232 3445 scriptoris

141 3460 397 3551 deprehendisse
418 3467 513 3533 nobis
533 3466 703 3534 videamur
725 3469 875 3554 vestigia.
925 3468 997 3550 Quo
1020 3466 1106 3534 enim
1127 3467 1232 3554 aptior

141 3569 198 3638 ille
220 3595 239 3636 s
260 3575 358 3640 rebus
379 3574 533 3643 Romanis
556 3577 598 3644 ad
610 3579 756 3647 Graecas
782 3588 832 3644 est
850 3578 1015 3658 transitus,
1040 3598 1078 3642 eo
1101 3576 1229 3647 facilius

137 3681 244 3767 potuit
264 3681 348 3766 fieri,
368 3693 403 3748 ut
423 3695 538 3773 sponte
559 3695 724 3775 tamquam
742 3687 914 3773 utriusque
934 3684 1101 3773 scriptoris
1123 3685 1230 3750 animo

140 3811 212 3856 sese
233 3791 375 3858 offerret.
407 3793 524 3882 Itaque
547 3795 643 3862 ctiam
664 3797 727 3862 hoc
749 3797 823 3863 loco
845 3796 1000 3862 iudicium
1024 3794 1066 3860 de
1087 3783 1229 3861 lontibbs

140 3897 255 3983 quibus
276 3923 354 3966 usus
384 3901 427 3968 sit
445 3903 559 3970 Livius
583 3905 803 3972 cohibendum
825 3906 963 3972 videtur.
1008 3904 1165 3978 Ceterum
1188 3903 1228 3976 de

140 4057 337 4072 *ψη-ιι..-

239 4146 263 4216 1)
280 4147 339 4203 Liv.
357 4165 380 4201 c.
400 4151 434 4202 33
455 4148 489 4202 ab
508 4147 599 4204 initio.
