2834 4608
687 169 711 302 l

159 355 193 418 in
213 353 422 443 palimpsesto
450 354 611 420 Vaticano
648 361 814 441 repertum
843 351 906 420 hoc
940 353 1070 420 saeculo
1092 351 1248 438 Angelus

161 463 266 530 Maius
299 464 379 529 iuris
407 464 528 552 publici
556 465 632 530 fecit
644 467 677 544 ¹).
718 465 917 549 Fragmenta
944 462 1075 548 Polybi,
1101 461 1247 548 Dionysi

159 574 281 658 Halia,
301 575 472 660 Polyaeni,
496 574 651 663 Dexippi‚
683 573 804 640 Eusebi
836 596 920 660 quae
949 571 1134 640 aMinoide
1156 572 1249 639 Mina
1365 569 1367 572 ’

159 683 194 750 in
222 685 417 750 monasterio
440 684 581 750 Athonis
610 683 728 750 montis
755 683 887 750 inventa
909 681 1044 749 Carolus
1066 681 1247 750 Muellerus

160 792 263 858 edidit
284 793 319 857 in
340 792 521 881 appendice
542 792 633 858 Flavi
643 791 776 880 Iosephi
795 790 928 858 Parisiis
949 813 1034 856 anno
1055 789 1146 874 1847,
1168 813 1248 854 nnm

127 979 131 988 ¹
159 901 254 966 titulo
289 901 400 989 operis
420 899 680 969 Constantiniani
705 899 783 984 περὶ
804 894 1076 986 στρατηγημάτων
1093 897 1247 964 adnume-

158 1009 261 1076 randa
291 1011 418 1076 sintin
440 995 536 1076 dubio
556 1008 759 1094 relinquitur.
809 1010 901 1094 Quae
924 1009 1064 1097 denique
1087 1029 1105 1074 e
1128 1007 1243 1074 codice

159 1121 319 1187 Mausolei
341 1119 577 1200 Escorialensis
596 1118 638 1184 ad
659 1119 767 1184 lucem
797 1118 957 1207 protraxit
979 1126 1136 1207 excerpta
1156 1119 1247 1203 Aug.

157 1227 347 1309 Federus2).
374 1229 434 1294 sub
467 1227 598 1293 titulum
630 1226 749 1292 eadunt
774 1227 853 1313 περὶ
881 1226 1074 1312 madoci-aiv.
1133 1226 1248 1312 Atque

159 1359 272 1402 eorum
303 1337 436 1424 quidem
467 1336 609 1402 omnium
643 1335 707 1402 alia
739 1346 788 1402 est
818 1337 965 1403 condicio
986 1347 1084 1422 atque
1105 1336 1249 1419 illorum,

161 1469 244 1533 quae
277 1447 389 1513 codice
414 1445 578 1515 Urbinate
607 1445 840 1534 comprehensa
871 1445 1002 1532 antiqua
1030 1445 1248 1534 appellentur.

109 1587 112 1592 ·
159 1556 264 1621 Vetus
288 1556 374 1620 enim
401 1555 458 1620 ille
489 1553 682 1641 compilator
710 1577 783 1622 cum
802 1554 837 1620 in
858 1575 896 1620 eo
917 1553 1121 1643 potissimum
1140 1554 1249 1620 elabo-

159 1675 261 1743 raret,
296 1675 332 1729 ut
361 1685 457 1750 quam
487 1664 636 1753 proxime
664 1665 699 1729 in
717 1674 812 1730 textu
833 1662 1056 1730 comtitnendo
1073 1662 1116 1727 ad
1137 1662 1248 1728 arebe-

160 1774 233 1863 typi
276 1773 521 1844 similitudinem
561 1774 750 1857 accederet,
799 1774 963 1856 homines,
1014 1772 1130 1858 quibus
1166 1793 1248 1860 opus

161 1883 465 1951 Constantinianum
495 1893 563 1950 erat
584 1905 691 1968 curae,
724 1883 811 1971 quod
837 1904 904 1949 non
932 1881 1037 1948 solum
1064 1881 1249 1969 neglegen-

160 1994 260 2060 tiores
295 1993 426 2058 fuerunt
465 1993 500 2056 in
531 1991 640 2058 verbis
674 1991 865 2078 Polybianis
900 1989 1102 2076 referendis,
1131 2012 1249 2056 verum

38 2174 42 2178 ,
163 2124 260 2190 saepe
300 2102 396 2167 etiam
438 2100 586 2168 consulto
618 2109 746 2166 textum
782 2109 1004 2183 mutaverunt,·
1040 2119 1248 2185 nequaqnam

164 2211 282 2276 mirum
304 2209 480 2295 videtnrss).
523 2209 655 2276 Etenim
677 2232 751 2275 cum
769 2209 815 2274 ita
835 2231 889 2274 res
912 2217 996 2276 esset
1018 2208 1179 2292 institutor
1208 2215 1248 2274 ut

160 2319 362 2386 Graecorum
373 2319 602 2384 historicorum
615 2317 767 2405 operibus
779 2318 814 2381 in
826 2317 965 2384 minutas
977 2327 1086 2404 partes
1100 2317 1249 2402 concisis,

157 2426 291 2493 istarum
313 2426 543 2514 particularum
576 2448 669 2512 suum
702 2445 848 2511 quaeque
885 2425 995 2491 locum
1026 2427 1084 2492 sub
1106 2425 1245 2511 sing'ulis

157 2536 319 2602 inveniret
339 2535 452 2620 titulis,
485 2535 558 2600 fieri
590 2557 655 2602 non
676 2535 791 2622 potuit,
827 2533 905 2620 quin
932 2557 1030 2623 saepe
1052 2557 1136 2621 quae
1154 2536 1243 2624 apud

160 2647 266 2732 ipsum
289 2667 399 2710 rerum
421 2644 614 2732 scriptorem
636 2645 795 2710 sermonis
826 2643 1038 2711 continuitate
1061 2645 1246 2712 consociata

160 2756 301 2838 fuerant,
323 2755 388 2819 iam
410 2753 507 2820 variis
529 2753 631 2818 titulis
650 2753 915 2820 adscriberentur
935 2775 1045 2820 rerum
1062 2753 1244 2821 diversitati

159 2862 387 2930 accomodatis.
428 2862 542 2950 Itaque
571 2861 659 2928 haud
680 2883 753 2928 raro
775 2862 896 2926 factum
921 2862 1080 2948 videmus,
1110 2872 1146 2928 ut
1177 2885 1248 2929 non

162 2973 267 3038 solum
285 2972 404 3037 misere
425 2971 527 3038 oratio
550 2971 802 3059 dirumperetur,
833 2971 1066 3038 verumetiam
1089 2993 1136 3055 ea,
1161 2995 1245 3060 quae

158 3082 193 3146 in
215 3090 365 3146 neutrum
387 3080 519 3146 illorum
548 3080 716 3147 titulorum
746 3079 941 3148 videbantur
971 3081 1130 3168 quadrare
1151 3083 1249 3168 plane

158 3214 177 3254 a
215 3189 482 3278 compilatoribus
522 3191 759 3256 omitterentur.
827 3189 906 3257 Alia
941 3191 1169 3278 importunitas
1205 3213 1249 3258 ex

159 3300 275 3366 eodem
297 3299 566 3366 Constantinieno
587 3299 735 3364 instituto
766 3308 872 3365 ortum
895 3299 998 3367 duxit.
1041 3301 1082 3366 In
1103 3299 1248 3387 singula·
1349 3371 1361 3386 q

160 3433 232 3475 rum
255 3410 343 3476 enim
363 3410 596 3497 particularum
611 3418 643 3476 et
662 3409 756 3476 initio
769 3420 801 3477 et
810 3410 875 3490 fine
896 3410 1134 3497 constituendo,
1150 3434 1248 3501 saepe

229 3597 257 3664 1)
277 3595 384 3652 Eadem
408 3597 566 3668 fragmenta
589 3613 638 3651 aua
660 3596 749 3666 ipsius
774 3613 841 3652 cura
864 3614 879 3652 e
905 3597 1087 3668 palimpsesto
1110 3598 1247 3656 Vaticano

160 3690 300 3762 descripta
328 3690 416 3746 edidit
432 3691 532 3760 Heyse·
572 3691 697 3747 Berolini
717 3693 793 3750 1846.
839 3692 867 3747 G.
886 3691 1022 3748 Mueller:
1053 3693 1088 3748 fr.
1112 3693 1177 3750 hist.
1205 3713 1248 3766 gr.

157 3787 193 3852 Π,
211 3787 333 3842 XXXIX

230 3885 257 3954 2)
276 3891 307 3938 Α.
325 3884 429 3938 Foder:
454 3887 586 3954 excerpta
609 3888 662 3941 eto.
679 3884 841 3942 Darmstadi
867 3890 935 3945 1839
954 3891 1079 3946 at1eee.
1112 3889 1245 3947 Mueller:

159 3978 258 4051 fragm.
278 3980 374 4036 histor.
393 3997 436 4052 gr.
454 3981 508 4036 vol.
525 3981 553 4036 Π
569 3999 598 4052 p.
616 3981 791 4040 vn--xnn

229 4077 257 4152 3)
273 4077 345 4132 cont.
369 4077 470 4133 Nissen
486 4077 577 4150 praef.
597 4097 625 4151 p.
643 4083 742 4140 7-17.
