2834 4608
643 247 683 322 19

42 448 45 454 '
112 461 157 506 nc
180 438 216 502 in
239 439 451 524 sequentibus
480 439 612 524 quidem
640 439 809 525 usquead
841 449 938 528 eaput
959 439 1060 506 XXX
1083 451 1215 529 praeter

111 548 223 614 locum
248 571 312 634 quo
332 547 375 614 L:
395 547 544 612 Postumi
568 549 678 613 clades
693 549 717 632 ¹)
751 548 948 614 describitur
968 551 1003 615 in
1029 548 1139 616 Gellia
1163 573 1212 615 ao·

111 666 219 744 cepta,
239 658 308 722 ulla
328 657 485 724 Livianae
514 656 708 722 narrationis
738 659 901 745 particula
931 657 973 724 ad
1009 661 1213 747 Polybianae

108 767 340 856 disputationis
366 767 535 832 obrussam
562 766 654 850 exigi
680 767 792 855 possit,
815 776 926 833 tamen
949 791 1023 833 cum
1046 768 1088 834 de
1114 771 1212 836 rebus

111 877 249 942 urbanis
280 874 484 964 potissimum
508 885 662 965 exponat,
694 876 841 964 proclive
864 887 913 942 est
933 878 1115 962 intellectu,
1137 899 1212 943 sum

106 986 258 1052 fontibus
280 1009 375 1051 usum
396 1008 467 1052 esse
494 986 690 1052 vernaculis.
736 987 833 1069 Quod
859 1009 939 1051 vero
961 986 1038 1052 inde
1063 1012 1081 1054 a
1103 989 1211 1075 capite

106 1094 231 1162 XXVI
251 1117 355 1182 usque
379 1094 420 1160 ad
447 1095 568 1162 XXIX
593 1096 754 1161 derebus
778 1097 813 1160 in
835 1095 994 1184 Hispania
1016 1097 1118 1182 gestis
1141 1117 1211 1161 cer-

105 1206 211 1271 tiores
230 1227 289 1270 nos
311 1204 399 1288 facit,
420 1205 538 1290 quibus
557 1204 655 1270 fidem
677 1205 827 1270 habuerit
846 1208 1033 1272 auctoribus
1055 1206 1211 1272 iudicium

109 1313 330 1380 cohibendum
352 1313 494 1395 ridetur,
518 1313 623 1379 donec
654 1315 753 1380 totius
780 1315 858 1379 belli
882 1315 1111 1404 Hispaniensis
1136 1338 1210 1405 per-

106 1426 301 1513 petuitatem
334 1424 501 1512 permensi
533 1423 574 1488 de
601 1425 727 1488 ratione
750 1425 836 1489 inter
857 1423 1032 1490 Livianam
1054 1425 1210 1492 narratio-

107 1555 189 1600 nem
205 1533 496 1618 Polybianamque
529 1533 755 1600 intercedente
787 1534 925 1600 certiora
949 1536 1210 1622 possimuspro-

108 1645 212 1710 ferre.
254 1642 368 1708 Restat
390 1652 426 1706 nt
447 1644 558 1730 paucis
581 1641 673 1709 Cassi
695 1643 814 1710 Dionis
837 1655 869 1708 et
889 1643 1058 1710 Plutarchi
1080 1645 1121 1708 de
1146 1645 1211 1710 eis-

55 1825 61 1831 ,
110 1749 188 1816 dem
209 1753 307 1817 rebus
331 1749 567 1839 disputationes
590 1753 858 1838 perstringamus.
892 1751 1039 1833 Quarum
1063 1751 1209 1836 alteram,

109 1859 139 1926 si
161 1881 228 1924 non
251 1860 292 1925 ad
314 1859 467 1924 amussim
485 1859 640 1925 Livianae
663 1861 843 1948 respondet
865 1861 1046 1927 narrationi
1066 1871 1098 1925 at
1121 1870 1210 1926 certe

110 1969 277 2034 annalium
292 1966 511 2034 Romanorum
529 1969 647 2061 ¹deberi
669 1970 883 2058 scriptoribus
905 1993 972 2034 non
993 1970 1098 2033 solum
1119 1969 1210 2052 frag-

110 2088 222 2144 menta
241 2078 358 2144 Dionis
382 2078 472 2145 Cassi
486 2078 512 2162 2)
537 2078 748 2167 comprobant
774 2079 1009 2143 verumetiam
1032 2079 1208 2158 Zonarae³l

109 2190 264 2255 evincunt
296 2191 438 2256 annales.
490 2188 576 2254 Nam
606 2189 693 2277 quod
715 2188 935 2254 Hannibalem
958 2187 1103 2252 Nuceria
1125 2187 1209 2276 poti·

110 2311 181 2366 tum
203 2311 370 2366 senatores
400 2301 435 2366 in
463 2301 590 2366 balneis
613 2300 768 2364 'inclusos
790 2299 966 2365 suffocasse
988 2310 1108 2381 narrat,
1133 2321 1208 2363 eun·

108 2410 252 2496 demque
275 2411 464 2476 Acerranos
480 2410 603 2474 eisdem
620 2409 737 2494 quibus
755 2406 939 2474 Nucerinos
959 2407 1208 2474 condicionibus

105 2520 143 2584 in
158 2518 360 2584 deditionem
380 2528 534 2606 acceptos
554 2518 670 2584 eodem
690 2519 786 2583 modo
808 2527 976 2604 tractasse,
997 2541 1063 2585 non
1083 2518 1208 2602 dubito,

110 2629 191 2714 quin
212 2650 328 2715 parum
349 2627 519 2694 credibilia
546 2627 625 2692 talia
647 2628 789 2714 Polybio
811 2629 880 2693 visa
902 2629 975 2692 sint.
1018 2627 1088 2694 Neo
1112 2649 1206 2693 secus

113 2735 156 2802 de
168 2737 344 2803 Plutarcho
353 2739 380 2822 4)
404 2739 466 2803 erit
487 2737 653 2815 iudicium,
679 2738 810 2823 quando
834 2737 1011 2803 earundem
1035 2747 1132 2824 atque
1153 2737 1208 2804 Li·

114 2848 188 2914 vius
209 2869 320 2914 rerum
341 2849 542 2914 mentionem
563 2848 651 2930 fecit,
672 2873 691 2913 a
716 2849 859 2935 Polybio
880 2850 1068 2916 alienarum.
1110 2851 1206 2918 Oete-

105 2985 183 3030 rum
209 2961 394 3039 cavendum
425 2963 565 3045 ridetur,
599 2984 642 3027 ne
666 2961 897 3050 discrepantiis
925 2961 991 3025 illis
1024 2960 1202 3026 levioribus

107 3093 191 3158 quae
214 3072 301 3136 inter
331 3069 404 3135 Livi
426 3070 661 3157 Plutarchique
691 3071 900 3137 intercedunt
924 3071 1127 3136 narrationes
1150 3071 1205 3136 ob-

106 3181 294 3270 stupefacti,
316 3201 355 3244 eo
378 3179 588 3264 adducamur,
610 3181 873 3247 ut'Plutarehum
894 3189 1070 3245 statuamus
1092 3201 1204 3245 manus

110 3290 245 3358 omnino
267 3290 461 3356 abstinuisse
486 3315 505 3354 a
523 3289 629 3373 Livio,
653 3290 687 3354 id
705 3290 792 3378 quod
813 3289 1016 3355 Buchholaio
1029 3291 1055 3374 δ)
1076 3289 1204 3356 accidit.

105 3399 319 3468 Plutarchum
334 3401 430 3484 enim,
447 3399 601 3498 quoniam
621 3399 691 3488 ipse
710 3395 930 3464 Buehholzius
952 3399 1012 3464 sibi
1032 3399 1203 3487 persuasit,

1141 3527 1146 3562 l

206 3695 232 3759 1)
252 3691 315 3746 vide
336 3707 421 3760 supra
438 3708 466 3760 p.
483 3690 530 3746 IX.

206 3788 232 3858 2)
250 3787 303 3842 Dio
324 3786 398 3841 (lass.
417 3785 486 3857 frag.
505 3790 548 3853 57,
569 3791 612 3844 31.

208 3886 236 3953 3)
257 3882 379 3938 Zonaras
397 3887 422 3952 9,
442 3887 468 3936 2.,
579 3941 581 3947 ,
616 3883 617 3888 ’

209 3983 239 4050 4)
258 3979 399 4034 Plutarch.
420 3979 571 4034 Marcellus
589 3997 613 4035 c.
632 3983 648 4036 9
667 3981 721 4034 eto,
811 4007 814 4016 ·
894 4047 896 4050 Ι

208 4078 235 4146 5)
253 4077 291 4132 M.
318 4076 475 4132 Buehholz:
505 4077 606 4145 quibus
633 4075 757 4130 fontibus
783 4075 948 4131 Plutarchus
978 4075 1008 4128 in
1033 4075 1097 4130 vitis
1121 4077 1203 4132 Fabii

105 4176 221 4232 Maximi
240 4183 268 4231 et
285 4175 412 4232 Marcelli
429 4195 496 4231 usus
514 4175 565 4244 sit;
584 4171 820 4244 Gryphiswaldiae
840 4173 917 4230 1865.
