2852 4610
675 113 718 174 at

117 284 197 348 anie
218 279 259 348 ds
270 279 457 348 ldassinissa
478 299 541 364 ras,
555 283 679 368 quippe·
696 279 751 367 qni
768 277 913 363 XXVIII,
941 284 990 362 lo,
1018 281 1055 344 ll
1068 293 1142 346 cum
1159 275 1292 360 Edono,

118 387 203 452 clam
225 407 415 472 congressus
443 395 539 456 esset
562 423 606 441 -
624 389 691 456 Sed
713 390 793 455 haec
816 389 988 469 haetenus,
1022 402 1219 470 quamquam
1245 381 1270 450 it

119 495 198 575 Ioci,
222 495 256 560 in
286 493 402 579 quibus
426 495 468 562 ad
490 495 614 580 priores
637 495 739 562 libros
760 495 943 579 respicitur,
966 515 1042 561 sane
1063 492 1173 575 augeri
1194 495 1270 576 poa·

121 606 209 668 sant.
252 601 301 667 De
322 601 421 668 rebus
443 607 553 669 autem
576 605 679 688 magis
698 604 801 679 nutis,
822 602 903 668 nibil
923 601 1046 683 dicam;
1068 600 1124 668 sed
1144 599 1179 665 id
1200 617 1270 666 nto·

121 709 262 774 nandum
290 711 366 791 erit,
388 709 422 776 in
450 710 492 777 iis
514 711 686 778 narrandis
709 711 833 777 Livium
851 711 922 777 -sibi
952 729 1079 794 semper
1108 703 1269 786 constare,

122 817 210 902 qnod
233 819 260 884 si
283 817 428 886 diversos
449 817 555 886 fontes
578 819 794 906 sequebatur,
817 839 881 886 non
904 838 1029 902 semper
1051 815 1269 884 accidereso·

121 923 275 1010 lebat¹²).
318 925 432 1010 ltaque
444 945 515 992 cunr
528 927 563 992 ln
586 927 735 994 omuibus
749 927 832 993 Livii
845 927 939 994 libris
954 949 973 992 a
986 924 1271 991 XXVI-XXVIII

122 1032 274 1098 inrebus
296 1029 471 1117 Hispaniae
492 1035 664 1101 narrandis
697 1035 797 1101 rerba
828 1034 1013 1101 accuratius
1042 1053 1115 1100 cum
1135 1033 1270 1116 Polybio

124 1148 315 1224 congruant,
332 1139 443 1226 'quam
469 1151 508 1208 nt
528 1161 606 1210 casn
636 1143 776 1228 qnodm
803 1143 928 1210 iactum
957 1142 1063 1208 dicere
1093 1143 1269 1225 possimus;

122 1266 260 1332 cumque
290 1249 406 1315 similia
431 1255 465 1316 et
487 1249 655 1322 dissimilia
683 1251 812 1318 interno
842 1269 929 1316 nexu
959 1253 1143 1335 conjuncta,
1176 1248 1271 1332 quasi

124 1377 222 1423 unam
244 1377 362 1442 corpus
383 1358 537 1440 efficiant,
559 1379 623 1425 non
637 1357 868 1440 dubitabimus,
890 1359 925 1424 in
947 1354 1095 1424 omnibns
1107 1357 1157 1422 his
1179 1356 1271 1422 libris

123 1485 221 1531 unum
229 1464 359 1547 fontem,
372 1486 507 1550 eumque
515 1487 712 1532 communem
721 1485 791 1532 eum
799 1465 942 1551 Polybio,
953 1470 1145 1549 usurpatum
1153 1463 1271 1528 dicere.

209 1573 273 1639 Sed
295 1593 375 1640 sene
394 1573 671 1658 nequisquam,
694 1593 771 1640 num
793 1573 865 1639 lons
887 1573 952 1654 ille,
976 1593 1071 1657 quem
1087 1578 1156 1638 tam
1178 1593 1272 1637 accu-

124 1687 232 1746 ratam
259 1683 425 1765 reglonum
446 1682 623 1766 Hispaniae
645 1683 861 1767 cognitionem
893 1681 1014 1748 babere
1036 1681 1272 1746 demonstrari·

125 1808 216 1870 mne,
239 1795 339 1874 atque
361 1791 596 1856 accuratiorem
618 1789 766 1874 quidem,
789 1805 885 1874 qnam
908 1789 1049 1855 nuncin
1070 1785 1204 1874 Polybio
1225 1789 1273 1853 ln·

125 1897 280 1980 venimus,
303 1899 374 1982 ipsc
398 1897 532 1984 Polybio
555 1899 670 1964 mellor
692 1899 752 1980 sit;
775 1917 851 1963 num
873 1897 1027 1983 Polybius
1049 1899 1166 1978 omnia,
1190 1917 1274 1981 quae

125 2007 256 2088 scribit,
282 2007 312 2072 ei
333 2005 462 2073 debeat.
503 2007 601 2086 Quod
622 2024 687 2072 non
707 2007 756 2074 ita
777 2025 874 2086 esse,
902 2027 1009 2072 rerum
1032 2012 1198 2090 gestarum
1221 2024 1273 2070 ra·

126 2115 175 2180 tio
200 2113 331 2181 indicat.
376 2117 482 2183 Actor
511 2117 597 2181 enim
610 2105 733 2182 ‘noster
764 2116 908 2200 singulas
936 2135 1060 2200 pugnas
1082 2120 1128 2180 et>
1144 2111 1273 2198 expedi·

126 2223 232 2290 tiones
247 2217 319 2290 ¹non
340 2239 467 2309 eenrpe'r
490 2223 616 2291 interno
639 2245 723 2291 nexu
753 2227 939 2310 conjunctae
962 2230 1124 2302 recenset,
1139 2222 1273 2289 consiliis

125 2334 358 2417 Imperatornm
381 2355 447 2399 non
466 2353 592 2418 semper
615 2333 722 2414 affert,
742 2335 776 2398 in
794 2333 929 2417 proeliis
955 2329 1172 2399 describendis
1194 2352 1274 2398 non·

126 2439 290 2526 uunquam
312 2443 405 2508 addit
425 2441 589 2520 nonnulla,
613 2463 696 2526 qnae
719 2442 879 2527 quomodo
902 2461 953 2508 ree
976 2447 1069 2526 gesta
1091 2441 1144 2522 alt,
1167 2442 1273 2507 minua

127 2550 210 2616 bena
242 2553 415 2634 exponant.
455 2547 632 2617 Multitudo
663 2555 772 2616 autem
800 2551 965 2615 nominum
986 2548 1061 2615 talis
1083 2555 1149 2630 est,
1182 2549 1274 2614 utin

127 2655 256 2724 tabellis
277 2660 390 2724 autin
411 2657 453 2724 iis
474 2659 584 2740 rebus,
608 2678 691 2742 quae
711 2657 754 2722 ad
774 2657 880 2741 ipsam
894 2655 1275 2739 narrationisperspioui·

126 2772 230 2834 tatem
251 2787 316 2834 non
338 2767 472 2833 multum
495 2769 641 2848 valeant,
671 2767 810 2832 maxime
843 2765 1045 2846 inveniatur,
1076 2784 1179 2848 qnare
1208 2784 1275 2829 non

128 2893 205 2942 raro
218 2895 283 2941 *sno
295 2879 368 2962 jure
391 2873 560 2961 oPolybio
580 2874 732 2940 videntur
754 2873 884 2939 omIsaa.
929 2871 990 2938 Hic
1012 2877 1123 2938 contra
1145 2872 1180 2936 in
1200 2891 1275 2937 con·

128 2984 211 3051 siliis
230 2985 461 3069 imperatorum
490 2981 718 3067 exponendis,
737 2981 772 3046 in
801 3000 887 3047 nexu
909 2996 1080 3047 causarum
1103 2999 1276 3064 rerumque

200 3175 248 3242 27)
265 3173 340 3250 Unus
362 3175 440 3230 loeus
462 3180 555 3235 moret
577 3174 778 3232 difficultatem.
814 3175 847 3230 ln
864 3175 935 3234 libro
954 3175 987 3232 L.
1004 3173 1123 3239 XXVII,
1150 3176 1186 3230 20
1203 3173 1276 3234 enim

128 3265 244 3322 ducibus
256 3266 518 3338 Carthaginiensium
536 3269 639 3340 placet:
660 3270 805 3342 Magonem
825 3267 862 3323 ad
878 3269 1061 3324 mercenarios
1086 3266 1277 3327 conducendos

129 3359 159 3414 in
169 3359 295 3416 Baleares
311 3361 449 3432 trajicere,
467 3349 666 3416 Hasdrubalem
684 3362 712 3415 in
730 3361 900 3416 Lusitaniam
918 3361 1009 3430 abire3
1027 3361 1212 3416 Massiniseam
1231 3378 1276 3415 va·

129 3471 198 3524 gum
220 3440 301 3524 agros
324 3451 461 3524 populari3
485 3451 662 3523 additurque:
679 3451 723 3508 hie
742 3453 859 3509 decretis
877 3453 913 3508 ad
930 3453 1116 3524 exaequanda,
1135 3470 1204 3523 quae
1223 3457 1276 3508 sta·

128 3551 240 3604 cume
256 3531 384 3619 aegea
404 3552 499 3603 emm
521 3549 554 3603 n.
571 3547 697 3618 xxynr,
718 3550 748 3618 1,
773 3550 846 3602 a-4
863 3547 989 3618 tegimur.
1023 3546 1223 3602 namucum
1242 3534 1278 3600 tn

130 3641 274 3697 Oceannm·
286 3642 394 3712 psaltae
413 3641 556 3712 Gadesque
572 3641 750 3711 concessisum
772 3654 876 3697 notum
893 3641 1088 3710 imperatorem
1106 3641 1278 3710 Hannonem,

130 3751 195 3818 anm
212 3735 330 3807 Magone
348 3737 538 3807 conjunctum,
555 3735 586 3790 ir
604 3735 751 3792 Celtiberia
768 3735 880 3792 versari.
898 3755 934 3774 ·-·
951 3733 1027 3789 liaeo
1044 3733 1132 3804 igitur
1147 3733 1191 3805 iis,
1208 3749 1278 3803 quae

130 3829 250 3897 xxvn,
268 3833 304 3886 20
321 3827 486 3898 efferuntur,
503 3833 673 3900 repugnant,
699 3828 822 3887 sednon
840 3827 924 3885 tonfia
941 3827 1044 3892 noetri.
1061 3827 1110 3884 sed
1128 3831 1179 3892 atat
1193 3827 1278 3898 ipsiu·

130 3923 204 3995 Livii
222 3927 269 3978 ant
286 3923 413 3982 codam
423 3923 526 3994 culpa:
544 3923 572 3980 In
590 3922 694 3998 quibus,
706 3923 838 3980 nonnulla
854 3921 970 3981 niiallor
981 3920 1148 3978 exciderunt.
1183 3921 1279 3994 ltaque

131 4017 165 4073 L.
177 4017 291 4084 XXVII,
308 4019 344 4072 20
359 4016 467 4071 videtur
476 4016 569 4071 dicare
578 4016 684 4071 Poenos
702 4015 738 4070 ad
750 4015 863 4071 consilia
880 4013 1039 4083 exequenda
1052 4013 1189 4084 digressos
1206 4028 1279 4081 esee,

132 4111 182 4166 sed
207 4109 337 4179 quidnam
355 4109 468 4172 seorim,
492 4126 548 4163 non
565 4107 685 4163 affamur.
722 4106 811 4175 Quare
829 4105 918 4169 fiae
888 4112 918 4161 ut
933 4123 982 4176 per
998 4110 1089 4161 totum
1106 4123 1207 4161 annum
1226 4107 1279 4160 208

132 4203 161 4258 iu
180 4201 311 4266 HispanIa
333 4199 401 4256 nibil
411 4204 518 4272 gastum
542 4201 676 4256 rideatur.
693 4199 750 4257 cir
773 4199 906 4262 maras,
925 4199 979 4262 lx,
1002 4201 1030 4254 8.
1046 4197 1096 4253 cll.
1114 4197 1147 4256 U.
1164 4198 1278 4260 Becker,

132 4295 313 4355 Vorarbeiten
329 4305 357 4367 p.
376 4293 527 4353 lle-lta
547 4291 736 4362 editorumque
751 4291 1152 4349 mamutium·
