2834 4608
306 789 548 870 avunculo
568 789 758 870 menam
778 730 836 869 nn
857 790 961 877 urs
981 789 1075 872 svn.

244 993 430 1062 Guilelmus
442 993 588 1061 Michael
610 1004 706 1060 natus
730 1015 801 1062 sum
824 993 919 1060 Halis
932 1017 960 1059 a.
973 994 1005 1058 d.
1017 995 1051 1060 X
1065 993 1140 1062 Cas.
1157 995 1241 1083 Apr.

144 1102 220 1168 anni
235 1103 268 1167 h.
284 1126 309 1168 s.
324 1101 444 1168 ·XL]H
464 1113 558 1191 patre
580 1102 769 1170 Christiano
791 1112 894 1168 matre
914 1103 1062 1168 Iohanne
1085 1103 1243 1188 degente

144 1211 352 1298 Henninges.
410 1213 600 1276 Auctumno
636 1213 712 1276 anni
742 1210 1039 1296 MDCOCLVIII,
1070 1222 1243 1300 postquam

142 1341 205 1408 per
228 1340 287 1384 sex
309 1341 438 1384 menses
465 1319 554 1386 urbis
587 1320 711 1405 patriae
734 1321 941 1406 gymnasium
967 1321 1183 1406 frequentavi,
1206 1321 1241 1387 in

137 1428 287 1496 scholam
317 1429 512 1494 Portensem
534 1430 775 1514 transmigravi,
801 1452 883 1514 quae
908 1429 1026 1495 Petero
1051 1429 1241 1497 moderante

143 1547 176 1602 et
187 1539 326 1604 florebat
339 1548 371 1603 et
381 1538 487 1604 floret.
507 1537 703 1620 Consilium,
718 1537 806 1622 quod
819 1538 875 1602 diu
898 1561 949 1604 me
963 1539 1153 1623 agitaverat,
1169 1539 1242 1627 phi-

142 1646 286 1734 lologiae
312 1669 445 1736 operam
478 1647 689 1732 impendendi
723 1669 796 1712 cum
818 1647 933 1712 ultimo
957 1669 1054 1727 anne,
1092 1669 1189 1735 quem
1208 1649 1242 1714 in
1270 1650 1287 1670 ⁹

142 1755 317 1842 gymnasio
342 1754 419 1840 degi
442 1756 553 1820 labare
570 1756 732 1843 coepisset
749 1767 781 1820 et
799 1757 980 1822 dubitarem
997 1779 1037 1820 an
1054 1757 1241 1842 theologiae

144 1865 252 1952 potius
278 1884 331 1928 me
355 1863 533 1947 dederam,
568 1884 654 1928 anno
686 1865 717 1929 h.
742 1887 765 1927 s.
792 1863 911 1930 LXIII
932 1865 1125 1930 maturitatis
1150 1865 1242 1929 testi-

12 2045 21 2054 „
142 1975 254 2039 monio
276 1972 451 2038 instructus
462 1971 566 2038 Halas
587 1995 639 2038 me
662 1973 786 2039 contuli
799 1973 824 2038 si
847 1995 978 2060 possem
1001 1984 1034 2038 et
1052 1973 1239 2058 theologiae

144 2092 178 2147 et
199 2081 401 2169 philologiae
432 2072 565 2166 operam
596 2089 780 2147 navaturus
825 2082 942 2166 Itaque
974 2103 1033 2167 per
1066 2090 1116 2146 ter
1145 2102 1242 2147 senos

144 2211 274 2256 menses
295 2189 425 2255 scholas
454 2188 562 2253 audivi
593 2189 803 2275 theologicas
825 2190 1046 2275 Beyschlagi‚
1072 2191 1243 2277 Hupfeldi,

144 2297 324 2381 Tholucki,
352 2297 569 2386 philologicos
591 2297 811 2382 Rernhardyi,
833 2299 970 2383 hergli,
1000 2299 1243 2386 philosophicas

144 2407 338 2489 Erdmanni,
364 2407 536 2474 Scballeri.
562 2405 668 2490 Magis
688 2408 857 2492 magisque
879 2429 958 2474 vero
980 2408 1148 2492 theologia
1165 2409 1242 2473 mibi

145 2515 321 2602 displicere
354 2525 387 2580 et
417 2515 623 2600 antiquarum
648 2515 830 2580 litterarum
866 2517 1007 2582 studium
1032 2519 1065 2583 in
1098 2517 1167 2582 dies
1195 2520 1242 2584 iu·

146 2623 284 2690 cundiuu
308 2623 415 2688 videri
437 2625 557 2710 coepit.
589 2624 706 2706 Itaque
729 2645 803 2688 cum
826 2635 999 2692 auctumno
1017 2625 1130 2694 LXIV
1156 2627 1242 2691 Bon-

145 2755 222 2798 nam
246 2755 299 2799 mc
322 2733 455 2817 contuli,
478 2733 586 2798 statim
609 2754 739 2796 omnem
773 2755 884 2798 euram
909 2735 1007 2798 rebus
1032 2735 1242 2820 philologieis

145 2843 300 2932 impendi.
352 2844 489 2908 Duobus
524 2844 625 2930 igitur
659 2843 769 2927 anuis,
802 2845 919 2922 quibus
951 2845 1087 2912 Bonnae
1122 2847 1241 2912 litteris

145 2975 280 3040 oporam
301 2951 389 3036 dedi,
421 2951 577 3019 docentes
611 2952 720 3016 audivi
744 2951 1050 3037 Gildemeisternm,
1082 2953 1241 3036 Iahnium,

145 3062 369 3140 Ritsohelium,
393 3045 621 3144 Sohaeferum,
653 3060 885 3144 Simrockium,
917 3061 1149 3151 Springerum,
1177 3065 1243 3150 Sy-

145 3171 276 3238 belium.
320 3171 416 3236 Iahni
447 3169 674 3255 Ritschelique
698 3170 903 3254 benignitate
926 3170 1004 3234 mihi
1041 3172 1180 3256 contigit
1207 3183 1243 3238 ut

145 3283 181 3348 in
203 3281 412 3346 seminarium
441 3280 680 3368 philologicum
709 3279 885 3364 reciperer,
911 3279 1001 3345 euius
1025 3303 1084 3369 per
1111 3290 1161 3347 ter
1184 3304 1243 3348 sex

146 3412 276 3458 menses
298 3390 419 3456 sodalis
435 3389 481 3454 fui
501 3389 695 3456 ordinarius.
728 3388 770 3453 In
791 3389 966 3454 seminario
990 3391 1242 3478 archaeologieo

146 3509 184 3566 ut
202 3502 290 3567 vires
315 3523 403 3565 meas
429 3521 620 3564 exercerem
644 3498 789 3582 Iahnius,
812 3509 847 3563 ut
866 3499 1121 3567 exercitationes
1143 3501 1242 3566 histo·

146 3611 231 3676 ricas
256 3609 380 3675 obirem
402 3608 691 3696 Kampschultins,
715 3607 926 3691 Schaeferus,
950 3606 1106 3694 Sybelius
1127 3609 1245 3693 benig-

146 3719 280 3784 nissime
302 3709 393 3783 mihi'
404 3728 648 3785 concesserunt.
691 3716 819 3800 Quibus
850 3717 930 3782 viris
953 3718 1103 3784 omnibus
1131 3717 1243 3807 impri-

147 3829 207 3895 mis
227 3827 353 3911 Iahnio,
374 3827 562 3909 Ritsehelio,
594 3825 774 3894 Sohasforo
797 3827 920 3913 gratias
940 3848 1002 3912 ago
1024 3827 1240 3913 plenissimas.

598 4101 793 4112 -a-——n-u--n
