2834 4608
629 261 669 329 id

97 447 211 516 anm'm
233 447 332 516 babet
356 449 398 516 de
420 473 457 516 ea
478 467 515 516 ra
539 447 718 532 dubitandi,
738 451 813 536 quia
833 449 929 518 nimis
953 471 1088 538 compar
1107 448 1195 515 Inti-
1265 458 1268 463 '

95 581 215 626 norum
234 558 398 646 quondam
418 559 543 646 legatio
567 561 675 643 fuerit,
703 559 913 646 ,Caeliusque
932 568 965 626 et
979 558 1034 624 alii
1051 559 1085 624 id
1108 557 1196 624 hand
1287 623 1290 630 ,

96 668 166 734 sine
183 689 281 736 eausa
300 667 581 757 praetermiserint
592 667 778 758 scriptores.
801 651 916 755 Itaque
931 668 1020 754 quod
1046 665 1196 737 anlinm

98 788 318 845 caeterorum
335 777 391 864 qui
408 778 540 844 annales
555 787 820 868 composuerunt,
841 779 935 843 turba
950 776 1073 857 eximit,
1094 797 1196 863 quan·

96 896 165 952 tum
182 887 215 954 ei
237 888 396 971 tribuerit,
413 889 623 977 perspicuum
646 897 705 953 est.
739 888 851 972 Quare
872 909 938 953 non
961 886 1096 953 dubium
1116 885 1196 952 mihi

97 997 241 1080 videtur,
264 998 343 1083 quin
365 1019 440 1062 eum
459 997 523 1063 boc
546 997 617 1064 loco
644 997 849 1085 potissimum
870 1005 999 1062 secutus
1021 996 1072 1061 sit.
1111 993 1197 1062 Nam

95 1105 300 1192 quae'fuerit
315 1129 492 1190 causarer
507 1107 595 1174 enim
616 1106 811 1172 nominatim
833 1107 967 1170 afferret
987 1105 1050 1172 nisi
1071 1105 1197 1170 iontem

95 1214 267 1281 habuisset
287 1215 498 1302 primarium,
528 1236 591 1302 ego
620 1237 686 1280 non
707 1233 872 1300 assequor.
896 1249 935 1264 -··
958 1212 1064 1294 Quam
1087 1213 1196 1302 operis

96 1321 225 1388 Liviani
240 1333 367 1412 partem
381 1323 571 1410 priusquam
587 1305 718 1388 missam
734 1322 891 1386 faciamus
903 1322 1014 1410 paucis
1026 1320 1194 1388 Weissen-

97 1431 191 1497 borni
212 1429 467 1522 perstringenda
489 1431 620 1496 videtur
641 1430 817 1513 annotatio,
832 1453 929 1516 quam
951 1430 1066 1518 capitis
1087 1429 1196 1496 octavi

95 1541 302 1628 paragrapho
316 1541 413 1606 alteri
428 1540 588 1630 ascripsit.
611 1540 662 1606 lbi
680 1563 755 1605 cum
771 1539 931 1607 Pacuvius
944 1537 1096 1606 Calavius
1109 1539 1198 1628 prin-

98 1671 173 1739 ceps
200 1650 385 1738 appelletur
407 1650 560 1716 factionis
581 1651 660 1734 eius,
681 1650 768 1740 j'quae
782 1649 882 1716 traxit
901 1671 972 1715 rem
994 1649 1036 1714 ad
1054 1650 1196 1730 Poenos,

99 1758 172 1824 Livi
196 1757 305 1825 editor
326 1759 360 1824 in
382 1745 457 1825 libri
480 1759 599 1826 XXVI
622 1760 729 1848 capite
752 1759 785 1824 X
809 1757 942 1825 Vibium
964 1758 1109 1824 Virrium
1130 1781 1197 1825 mo-

100 1877 157 1932 net
181 1865 379 1935 deiectionis
408 1878 575 1934 auctorem
597 1869 671 1934 dici.
709 1867 790 1934 Inde
813 1891 854 1933 nc
878 1867 951 1956 quis
974 1859 1198 1952 colligendum

98 1997 167 2042 esse
188 1987 299 2067 putet,
323 2001 394 2044 eam
423 1977 712 2048 inconcinnitatem
736 1976 909 2065 irrepsisse
933 1977 968 2042 in
988 1975 1064 2042 Livi
1085 1999 1196 2042 narra·

98 2083 232 2171 tionem,
256 2087 332 2174 quia
354 2088 497 2153 fontibus
513 2097 662 2152 uteretur
681 2087 767 2152 inter
789 2109 824 2151 se
840 2085 1111 2174 discrepantibus,
1131 2107 1197 2151 me·

101 2195 235 2262 mineris
258 2196 358 2262 velim
381 2205 413 2262 et
436 2193 572 2261 Vibium
597 2195 744 2260 Virrium
768 2204 801 2260 ct
823 2193 1003 2260 Pacuvium
1027 2191 1197 2260 Calavium

97 2301 220 2384 primas
249 2303 284 2366 in
316 2301 556 2367 foedere'cum
584 2301 704 2368 Poenis
733 2301 901 2388 iungendo
933 2302 1044 2386 egisse
1075 2310 1196 2389 partes.
1284 2283 1288 2290 ⁴

100 2407 190 2476 Siout
211 2409 301 2476 enim
321 2410 378 2476 ille
395 2410 634 2499 Campanorum
658 2410 774 2496 legatis
797 2419 871 2498 post
899 2409 1101 2495 colloquium
1121 2431 1194 2476 cum

99 2519 233 2584 consule
254 2517 400 2584 Romano
422 2519 567 2584 habitum
601 2519 734 2584 domum
756 2517 981 2601 redeuntibus,
1009 2528 1045 2583 ut
1069 2516 1195 2584 nivibus

98 2628 163 2694 suis
194 2628 418 2694 Romanorum
450 2628 663 2694 calamitatem
695 2627 792 2693 etiam
822 2627 858 2693 in
889 2627 991 2692 maius
1022 2627 1194 2694 adauctam

98 2737 339 2822 renunciarent,
353 2736 527 2826 persuasit,
540 2737 585 2802 ita
597 2737 761 2802 Pacuvius
776 2748 925 2802 senatum
939 2735 1000 2802 sibi
1014 2736 1195 2802 obnoxium

99 2845 140 2908 ad
162 2847 302 2914 eandem
335 2848 529 2913 sententiam
559 2846 726 2936 perduxit,
749 2846 791 2911 ad
816 2869 910 2934 quam
938 2855 976 2912 ut
999 2846 1117 2935 plebes
1147 2846 1195 2914 in·

99 2953 236 3021 ebriaret
257 2955 376 3022 Vibius
390 2956 522 3022 Virrius
546 2955 716 3021 effecerat,
746 2953 831 3022 Cum
852 2955 990 3021 Liviana
1008 2955 1194 3022 narratione

102 3059 252 3130 Gessium
284 3065 430 3131 Dionem
459 3066 495 3130 in
523 3065 712 3131 universum
740 3073 974 3151 congruentem
1003 3064 1103 3132 fuisse
1131 3064 1194 3132 Za-

97 3192 195 3240 naras
209 3176 235 3264 l)
268 3175 374 3260 docet,
398 3175 454 3261 qui
475 3198 494 3240 a
513 3173 658 3241 Romano
690 3195 801 3240 rerum
823 3173 982 3262 scriptore
1015 3173 1078 3242 uisi
1106 3174 1194 3260 quod

101 3277 207 3350 multa
222 3267 353 3350 brevius
367 3283 513 3371 exponit,
531 3284 688 3350 nonnulla
701 3283 940 3371 praetermittit,
953 3305 1021 3349 non
1034 3282 1194 3352 dissentit.

102 3388 256 3460 Ceterum
282 3394 379 3460 etiam
401 3393 541 3460 Diodori
550 3395 578 3478 2)
607 3395 708 3459 brere
732 3402 824 3458 extat
850 3392 1082 3477 fragmentum,
1109 3415 1194 3460 sum-

101 3521 186 3568 mam
218 3504 382 3588 orationis,
414 3525 508 3592 quam
539 3497 865 3589 manutentionem
893 3502 928 3568 in
952 3499 1194 3590 Campanorum

103 3612 252 3679 cendone
274 3612 434 3696 habuerit,
456 3613 615 3680 referens.
654 3611 721 3694 Qui
740 3611 803 3676 nisi
825 3611 1047 3680 necessarium
1069 3611 1194 3697 luisset,

101 3731 199 3808 negat
229 3744 263 3790 se
295 3744 438 3809 unquam
466 3746 486 3788 a
515 3720 673 3790 Romanis
706 3719 912 3787 deiecturum
942 3719 1058 3787 inisse.
1117 3721 1188 3788 Iam

111 3917 307 3932 w

202 4065 227 4131 l)
248 4061 370 4117 Zonaras
384 4065 411 4129 9,
433 4063 470 4148 2.Ι

90 4219 95 4228 ,
201 4160 229 4229 2)
246 4157 353 4214 Diodor
370 4161 413 4228 26,
435 4156 478 4212 le.
