2834 4608
672 163 715 229 39

140 348 323 434 Polybium
359 348 551 437 superstites
584 357 658 414 sunt
688 348 856 434 reliquiae.
912 348 1005 432 Quae
1029 348 1202 436 Appianus
1214 348 1238 433 ¹)

138 466 259 524 narrat
280 481 353 524 cum
367 457 462 524 Livio
483 480 549 523 nou
568 458 784 524 consentiunt.
818 455 881 522 Ille
903 457 991 524 enim
1014 479 1088 522 cum
1101 455 1239 524 Dasium

136 564 316 652 Arpinum
338 565 480 644 Romam
496 565 625 632 venisse
649 565 758 630 tradat
780 574 908 631 etcum
932 575 1047 632 senatu
1068 563 1109 628 de
1129 564 1239 651 Arpo-

137 697 219 742 rum
242 675 427 763 proditione
448 659 715 758 communicasse,
738 675 852 742 Livius
878 676 912 741 in
942 675 1058 741 castris
1084 671 1239 740 Romanis
1306 659 1308 663 ¹

139 794 305 850 memorat
318 807 392 850 eum
413 785 453 850 de
477 784 601 850 eisdem
625 785 733 870 egisse
750 785 858 850 rebus.
893 784 962 855 Sed
976 785 1056 849 haec
1071 784 1239 849 hactenus.

138 892 244 959 Nunc
268 893 428 960 adfinem
460 893 537 958 libri
562 893 680 986 XXIV
711 915 901 983 pergamus,
925 893 982 960 ubi
1005 892 1195 981 Syphacem
1221 916 1240 956 a

141 1003 268 1070 Poenis
290 1003 449 1069 defecisse
480 1001 591 1068 Livius
622 1014 743 1068 narrat.
790 1005 902 1088 Atque
923 1001 977 1068 hic
1000 1002 1133 1088 quidem
1161 1000 1238 1066 faci·

141 1114 222 1199 lius,
249 1135 330 1198 quos
352 1124 501 1180 auctores
525 1111 654 1196 adierit,
675 1135 847 1202 possumus
870 1113 1011 1197 odorari,
1033 1111 1108 1198 quic
1128 1111 1240 1195 verba,

138 1223 179 1288 in
199 1221 312 1311 capitis
327 1221 512 1290 XXXXIX
530 1223 734 1311 paragrapho
750 1222 782 1288 V
798 1223 956 1288 extantia:
980 1221 1139 1310 ,Syphax
1161 1243 1236 1285 cum

138 1331 256 1420 paucis
278 1331 440 1417 equitibus
462 1331 496 1396 in
516 1331 698 1397 Maurusios
715 1353 756 1398 ex
776 1331 845 1396 acie
863 1330 1078 1397 Numidas-
1097 1329 1238 1395 extremi

138 1461 424 1530 prope-oceanum
444 1441 601 1507 adversus
614 1441 716 1510 Gadis
740 1441 852 1508 colunt
873 1478 915 1490 -
936 1440 1091 1528 refugit.“
1121 1439 1236 1507 anlio

143 1549 262 1616 deberi
283 1550 460 1640 Antipatro
484 1551 737 1618 Weissenborui
766 1549 946 1640 probabilis
968 1560 1018 1616 est
1041 1549 1239 1618 coniectura.

141 1661 178 1726 Is
200 1659 288 1724 enim
311 1669 344 1726 et
367 1660 449 1748 ipse,
482 1660 509 1726 si
530 1659 650 1728 Servio
681 1661 722 1726 ad
744 1661 849 1746 Verg.
875 1660 958 1728 Aen.
980 1660 1011 1746 4,
1039 1658 1113 1739 206,
1139 1657 1238 1725 fidem

142 1768 246 1836 habes
271 1769 315 1834 ita
337 1769 371 1836 in
393 1771 538 1838 historiis
559 1771 625 1838 suis
648 1770 811 1846 exhibuit:
843 1768 1035 1855 ,Maurusii,
1067 1767 1123 1854 qui
1145 1767 1237 1834 iuxta

142 1877 313 1948 Oceanum
334 1881 474 1946 colunt.“

549 2197 676 2266 Liber
701 2193 828 2265 XXV.

245 2413 338 2480 Sicut
368 2413 486 2502 prioris
519 2413 594 2479 libri
625 2413 718 2479 initio
749 2415 884 2503 repetiit
916 2413 1031 2482 Livius
1064 2435 1147 2499 quae
1171 2415 1235 2480 iam

142 2532 239 2589 antea
262 2523 407 2610 quamvis
429 2523 566 2590 strictim
585 2524 750 2611 attigerat,
776 2524 821 2589 ita
843 2525 948 2612 primo
971 2525 1067 2590 huius
1088 2523 1164 2591 libri
1186 2547 1235 2590 ca·

138 2633 210 2721 pite
234 2632 395 2699 derebus
420 2643 583 2720 tamquam
609 2633 643 2699 in
670 2635 852 2722 appendice
875 2635 1020 2722 exponit,
1044 2656 1180 2727 quarum
1202 2635 1237 2700 in

141 2742 217 2808 libri
243 2739 362 2808 XXIV
385 2743 582 2809 mentionem
603 2745 710 2810 facere
733 2743 932 2834 supersedit3
956 2747 1040 2811 conf.
1064 2744 1234 2811 Weissen-

141 2850 295 2918 bornium
317 2852 358 2918 ad
384 2875 459 2919 eum
481 2853 598 2920 locum.
641 2853 725 2920 Tum
756 2876 835 2921 vero
862 2877 936 2920 cum
961 2854 1077 2922 adres
1099 2857 1237 2923 urbanas
1311 2901 1313 2904 v

143 2968 263 3050 pergat
287 2957 495 3040 enarrandas,
519 2957 649 3026 Livium
670 2969 836 3044 nunquam
860 2959 932 3026 fere
956 2958 991 3026 in
1013 2960 1128 3027 talibus
1152 2961 1237 3027 refe·

141 3069 253 3138 rendis
277 3094 295 3134 a
319 3067 462 3133 fontibus
490 3066 672 3132 vernaculis
696 3064 880 3148 recessisse,
901 3075 939 3131 ut
963 3067 1150 3156 fragmento
1172 3070 1235 3136 Po-

142 3176 278 3264 lybiane
300 3178 514 3266 comprobare
532 3176 703 3265 possimus,
726 3185 970 3264 peropportune
992 3179 1085 3245 nobis
1107 3179 1235 3246 accidit.

144 3283 266 3352 Narrat
287 3285 374 3352 enim
396 3283 508 3351 Livius
540 3283 577 3350 P.
600 3283 791 3352 Cornelium
815 3282 1017 3373 Scipionem,
1048 3286 1109 3352 cui'
1126 3287 1239 3378 postea

145 3395 307 3462 Africano
331 3395 392 3460 fuit
416 3417 600 3480 cognomen
631 3393 832 3460 aedilitatem
860 3393 1002 3483 petiisse.
1045 3394 1109 3463 Oui
1131 3396 1236 3482 inquit

144 3527 219 3572 cum
252 3503 448 3569 obsisterent
478 3503 599 3569 tribuni
629 3498 754 3591 plebis,
786 3514 944 3588 negantes
976 3503 1137 3570 rationem
1166 3505 1235 3572 eius
1292 3585 1298 3598 .

142 3612 326 3680 habendam
344 3633 426 3696 esse,
449 3614 536 3698 quod
557 3612 703 3678 nondum
722 3613 956 3702 adpetendum
978 3597 1123 3700 legitima
1146 3623 1235 3680 aetas

144 3731 233 3788 esset
254 3721 300 3804 ,si
322 3721 395 3787 me“
419 3721 525 3807 iuquit
556 3743 688 3805 ,omnes
719 3721 864 3806 Quirites
887 3722 1027 3788 aedilem
1048 3723 1158 3790 facere
1180 3746 1238 3789 vo·

144 3825 217 3898 ltnt
231 3831 308 3897 satis
321 3811 481 3897 nudorum
492 3831 629 3899 habeo.“
651 3841 740 3900 tanto
764 3831 841 3898 inde
860 3832 972 3899 favore
984 3833 1027 3898 ad
1042 3833 1236 3920 suffragium

245 4083 407 4157 lbilppien.
427 4083 495 4140 bell.
511 4083 632 4140 Hannib.
649 4101 673 4140 o.
692 4085 735 4143 31.
