2834 4608
711 139 754 205 40

185 328 357 393 ferendum
380 326 562 392 discursum
597 335 646 392 est
674 325 708 392 in
730 325 844 406 tribus,
865 335 902 388 ut
927 323 1047 388 tribuni
1070 332 1210 412 repente
1232 324 1277 388 in·

185 427 280 523 cepto
303 435 497 501 destiterint.
557 435 630 516 Qua
653 433 693 498 de
717 457 752 498 re
776 433 921 517 quamvis
943 432 1092 498 similiter
1116 433 1279 518 Polybius

183 546 217 611 in
236 545 311 611 libri
331 544 363 609 X
386 545 492 630 capite
514 543 562 610 IV
586 543 762 608 memoriae
784 542 912 631 prodat,
934 553 1138 608 tamencum
1160 544 1196 608 in
1217 544 1279 610 sin-

185 655 272 740 gulis
294 654 397 719 multo
422 653 584 742 copiosior
608 652 650 717 sit
675 651 788 718 Livius
812 662 916 738 atque¹
931 651 1130 735 accuratior,
1164 674 1240 718 eum
1264 676 1280 720 e

183 767 324 852 Polybio
347 789 412 831 non
431 761 577 853 pendere
601 761 808 826 manifestum
833 772 890 828 est.

280 875 321 940 ln
344 884 490 940 extremo
505 871 609 959 capite
632 871 770 957 septimo
792 894 867 936 oum
890 869 931 935 de
944 870 1199 938 Tarentinorum
1225 871 1281 937 de-

183 985 325 1050 fectione
346 991 456 1048 narret
464 982 578 1048 Livius
592 981 810 1068 fragmentum
820 980 1038 1065 Polybianum
1049 982 1073 1065 ¹)
1088 1000 1280 1070 comparare

183 1095 262 1160 licet
286 1095 320 1159 in
343 1093 455 1158 codiee
485 1083 645 1158 Urbinate
663 1099 840 1179 repertum,
861 1091 951 1157 cuius
970 1092 1051 1157 haec
1074 1101 1122 1157 est
1141 1115 1282 1159 summa:

186 1204 398 1271 Philemenus
421 1211 453 1267 et
477 1200 561 1268 Nico
582 1199 724 1266 Tarento
745 1203 888 1285 egressi,
912 1209 1075 1286 tamquam
1100 1201 1283 1289 expeditio-

185 1339 260 1382 nem
287 1317 395 1401 aliquo
427 1315 647 1403 susciperent,
675 1322 774 1379 noctu
799 1312 853 1377 ubi
878 1311 991 1377 eastris
1015 1311 1202 1378 Poenorum
1224 1333 1284 1398 ap-

187 1424 491 1514 propinquaverunt
523 1422 565 1487 ad
587 1421 808 1488 Hannibalem
830 1445 849 1484 a
870 1419 1027 1486 custodiis
1050 1419 1284 1505 comprehensi

188 1535 405 1600 deducuntur.
450 1534 556 1615 Quem
579 1533 620 1598 de
643 1532 779 1598 consilio
803 1554 861 1597 suo
885 1531 929 1596 ita
952 1529 1101 1614 edocent,
1120 1540 1156 1594 ut
1180 1531 1283 1598 variis

185 1643 472 1709 criminationibus·
487 1645 521 1708 in
543 1642 707 1708 Romanos
737 1641 803 1723 usi,
834 1663 946 1707 eorum
981 1639 1043 1706 sibi
1069 1639 1281 1706 intolerabile

185 1753 297 1817 videre
317 1751 490 1840 imperium
511 1751 682 1816 affirment.
714 1747 847 1814 Dimissi
864 1751 903 1816 ab
925 1748 1111 1832 Hannibale
1131 1748 1281 1835 benigno

185 1864 354 1949 responso,
374 1858 568 1946 invitatique
581 1870 617 1925 ut
635 1859 884 1948 quamprimum
900 1867 1146 1924 reverterentur
1168 1859 1282 1946 paullo

185 1981 260 2060 post
283 1970 323 2035 de
346 1971 392 2035 eis
414 1970 610 2036 conveniunt
624 1969 870 2035 condicionibus
891 1977 927 2033 ut
941 1967 1107 2034 Tarentini
1131 1969 1171 2034 ab
1188 1967 1280 2034 Han-

187 2081 294 2146 nibale
318 2080 352 2144 in
374 2081 558 2145 libertatem
579 2103 598 2143 a
621 2079 838 2148 Romanorum
865 2078 1084 2143 dominatione
1107 2077 1281 2145 vindicen-

186 2199 250 2273 tur,
270 2190 395 2255 nullum
419 2189 550 2256 omnino
575 2189 677 2254 Poeni
705 2190 813 2254 abeis
837 2189 973 2273 exigant
993 2187 1143 2272 vectigal,
1166 2209 1277 2276 neque

189 2298 291 2362 ullam
314 2297 409 2362 aliam
428 2319 497 2362 rem
522 2297 568 2361 eis
587 2297 759 2386 imperent.
804 2296 928 2386 Contra
948 2293 1281 2381 Carthaginiensibus

189 2416 333 2495 potestas
357 2406 414 2484 sit,
437 2407 518 2471 urbe
551 2415 648 2493 capta
666 2404 885 2471 Romanorum
906 2405 1020 2471 domos
1038 2428 1075 2470 ac
1101 2404 1283 2471 diversoria

189 2513 375 2603 diripiendi.
391 2589 395 2597 ,
411 2514 478 2584 Sed
499 2536 541 2578 ne
565 2514 692 2600 saepius
715 2515 865 2580 exeundo
889 2513 1106 2602 suspicionem
1127 2524 1282 2580 moveant

189 2646 224 2689 se
249 2623 487 2694 communicare
511 2647 583 2689 cum
602 2623 721 2694 Poenis
736 2623 929 2690 Philemeno
955 2624 1030 2688 dant
1051 2632 1160 2710 partes
1182 2645 1285 2689 vena·

193 2743 261 2797 tum
280 2733 433 2798 exeundi.
467 2731 566 2818 (Eum
590 2734 674 2798 enim
690 2734 861 2799 venatione
876 2733 957 2798 nihil
970 2734 1092 2799 habere
1115 2733 1283 2820 antiquius

189 2864 301 2907 omnes
326 2842 562 2930 opinabantur.)
610 2841 673 2924 Qui
702 2867 768 2908 non
792 2845 897 2908 solum
917 2842 960 2910 Ὀ.
983 2842 1112 2909 Livium
1134 2844 1281 2932 praesidi

186 2950 325 3017 Romani
350 2951 552 3038 praefectum
583 2954 725 3040 ferarum
756 2953 907 3017 carnibus
931 2975 949 3015 a
972 2975 1006 3018 se
1030 2961 1198 3040 captarum
1220 2951 1284 3018 sibi

190 3060 344 3125 conciliat
358 3081 470 3125 verum
485 3025 707 3149 etiamlportae
723 3050 902 3145 custodem,
923 3061 975 3128 oui
996 3054 1193 3128 Temenitidi
1214 3071 1286 3127 erat

191 3191 385 3254 cognomen.
419 3168 545 3249 Quibus
568 3169 767 3258 praeparatis
787 3170 876 3235 *diem
898 3193 971 3235 cum
994 3171 1180 3236 Hannibale
1203 3194 1281 3236 con-

189 3277 336 3360 stituunt,
359 3299 421 3362 quo
444 3277 627 3364 praefectus
651 3275 789 3342 Romani
819 3279 960 3366 praesidi
984 3279 1178 3366 tempestivo
1203 3302 1280 3346 con·

189 3385 275 3451 vivio
301 3408 374 3449 cum
398 3386 545 3472 pluribus
567 3386 602 3451 in
626 3387 740 3454 Museo
762 3385 802 3451 sit
823 3387 1047 3474 interfuturus.
1082 3388 1166 3454 Tum
1188 3386 1281 3453 Han·

124 3547 132 3564 .
188 3493 289 3566 nibal,
325 3493 379 3558 ubi
413 3493 482 3557 dies
512 3495 705 3560 constitutus
729 3495 877 3578 advenit,
908 3494 1020 3560 decem
1046 3496 1116 3561 fere
1146 3495 1280 3562 milibus

188 3602 333 3689 peditum
355 3603 566 3688 equitumque
586 3602 795 3692 praeparatis,
818 3605 914 3670 motis
936 3604 1039 3690 signis
1063 3625 1183 3690 agmen
1205 3627 1281 3692 rap·

187 3711 245 3775 tim
269 3705 388 3774 ducere
410 3709 558 3775 instituit.
581 3711 632 3775 Ne
647 3712 717 3806 quis
739 3734 816 3777 vero
838 3713 1007 3780 universas
1022 3723 1134 3779 cernat
1154 3715 1278 3803 copias,

191 3818 357 3904 octoginta
380 3817 538 3885 Numidas
565 3821 655 3887 iubet
688 3821 790 3888 stadia
813 3822 942 3888 circiter
958 3811 1062 3890 'XXX
1094 3823 1281 3890 exercitum

287 4033 313 4103 1)
334 4033 486 4122 Bekkerrss,
508 4005 550 4092 26.
