2834 4608
727 171 768 241 38

202 372 350 428 auctores
372 362 556 450 inspexisse
588 383 655 428 non
689 383 762 426 sum
792 361 932 427 nescius.
979 359 1025 427 Ut
1053 379 1155 423 unum
1178 354 1300 420 addam

203 473 292 538 nulla
316 472 399 536 ratio
423 471 573 536 habenda
594 481 644 538 est
667 471 785 536 Dionis
807 471 899 538 Cassi
921 480 976 536 aut
998 471 1146 536 Zonaras
1161 465 1185 551 1)
1217 485 1301 550 quos

203 603 275 646 eum
307 589 438 668 praeter
463 580 543 646 alias
574 579 740 646 machinas
773 579 869 644 etiam
898 578 1030 666 specula
1057 576 1098 642 ad
1119 574 1302 641 incenden-
1387 638 1388 655 ¹

202 689 259 755 das
277 690 497 757 Romanorum
521 712 621 756 naves
641 689 874 756 Archimedem
896 687 1082 754 adhibuisse
1103 691 1301 767 memorent,

203 808 235 864 et
258 821 276 864 a
299 798 437 885 Polybio
462 807 495 864 et
510 798 633 864 aLivie
655 819 770 863 manus
792 797 986 863 abstinuisse
1006 795 1216 886 perspicuum
1239 803 1300 858 est.

307 907 423 994 Pergit
454 907 568 974 Livius
598 906 760 996 incapite
783 905 917 972 XXXX
946 905 1068 970 adres
1099 906 1133 969 in
1157 904 1304 971 Graecia

202 1024 322 1101 gestas,
357 1038 492 1102 quarum
521 1016 602 1082 nihil
631 1015 717 1105 apud
739 1015 915 1102 Polybium
943 1019 1107 1081 servatum
1136 1022 1204 1096 est,
1236 1013 1303 1078 nisi

201 1127 287 1191 forte
309 1126 531 1211 fragmentum
553 1127 710 1212 exiguum
729 1149 747 1190 a
769 1120 936 1213 Stephano
958 1123 1118 1208 Byzantio
1139 1123 1302 1188 traditum

201 1234 265 1300 hue
285 1245 434 1323 spectare
447 1246 542 1324 putas
555 1287 562 1302 .
576 1285 583 1300 .
595 1235 724 1322 λέγεται
731 1227 908 1321 ἀρσενικῶς
926 1229 970 1313 ὡς
986 1227 1152 1316 Πολύβιος
1169 1228 1303 1318 ἑβδόμῳ

203 1337 235 1406 οἱ
256 1343 292 1410 δὲ
311 1341 370 1411 τὸν
390 1337 515 1428 Ὠρικὸν
535 1346 770 1428 κατοικοῦντες,
793 1337 830 1410 o‘i
846 1343 900 1408 καὶ
921 1345 1050 1428 πρῶτοι
1071 1345 1195 1407 κεῖνται
1221 1340 1304 1424 περὶ

200 1450 259 1540 τὴν
280 1450 428 1542 εἰσβολὴν
456 1450 542 1541 πρὸς
569 1447 777 1538 νὸνᾍόρίαν,
812 1453 847 1520 ἑκ
868 1455 984 1536 δεξιῶν
1013 1450 1207 1520 εἰσπλέοντι.
1257 1449 1303 1514 In

204 1585 243 1628 eo
266 1563 354 1628 enim
374 1562 481 1651 eapite
508 1563 621 1630 Livius
649 1563 838 1652 Philippum
866 1572 976 1630 narrat
1001 1561 1137 1630 Oricum
1162 1579 1302 1646 oeeupa-

205 1671 301 1753 visse,
324 1672 383 1737 sed
404 1696 423 1736 a
447 1667 490 1739 Μ.
506 1672 640 1738 Valerio
658 1682 825 1763 receptum
847 1675 919 1739 ess'e
941 1671 1108 1760 oppidum,
1130 1692 1203 1735 eum
1224 1669 1303 1734 leve

200 1789 326 1847 tantum
348 1781 555 1867 praesidium,
575 1804 635 1848 rex
657 1783 816 1850 recedens
831 1783 876 1848 ibi
898 1781 1093 1871 reliquisset.
1117 1781 1169 1846 Ae
1189 1801 1303 1865 quam·

205 1890 254 1956 vis
278 1889 410 1976 quidem
443 1901 576 1981 propter
605 1915 732 1976 essum,
765 1893 820 1978 qui
849 1891 1030 1979 Polybiane
1058 1889 1150 1978 operi
1175 1888 1299 1954 aeeidit

202 2000 436 2086 perniciosum,
459 2000 500 2066 de
532 2001 666 2082 ratione,
700 2024 783 2089 quae
812 2001 875 2068 hoe
903 2003 989 2078 loeo,
1011 2001 1096 2068 inter
1118 2008 1294 2084 utrumque

206 2110 399 2198 scriptorem
420 2111 642 2178 intercesserit
665 2121 753 2179 eerta
775 2121 808 2178 et
827 2111 961 2178 indubia
982 2131 1048 2176 non
1069 2109 1195 2198 possint
1217 2108 1298 2187 erui,

206 2228 326 2302 tamen,
349 2220 436 2306 quod
464 2220 733 2307 insequentibus
765 2243 874 2286 rerum
904 2221 938 2286 in
965 2219 1104 2289 Graecia
1127 2227 1297 2305 gestarum

189 2329 393 2394 'memoriam
417 2351 459 2394 ex
479 2350 544 2395 unu
566 2328 705 2416 Polybio
728 2329 832 2420 petiit,
853 2331 963 2396 faeere
980 2349 1195 2416 nonpossum
1217 2326 1297 2412 quin

210 2437 306 2502 etiam
326 2458 396 2503 eam
418 2438 609 2526 particulam
639 2461 679 2505 ex
706 2438 821 2505 eodem
842 2441 932 2504 fonte
955 2439 1102 2503 haustam
1123 2457 1196 2502 esse
1218 2434 1299 2503 mihi

204 2546 433 2632 persuadeam.

306 2656 347 2721 In
369 2654 580 2740 sequentibus
602 2678 677 2720 oum
698 2656 740 2721 de
759 2657 856 2722 rebus
878 2654 912 2720 in
934 2655 1094 2744 Hispania
1115 2653 1221 2742 gestis
1243 2673 1298 2717 ex·

206 2773 316 2852 ponat,
339 2762 394 2847 qui
414 2762 538 2828 fruetus
559 2762 652 2828 nubis
667 2762 848 2830 aeeuratius
869 2761 990 2828 ineam
1011 2762 1232 2828 narrationem
1252 2761 1300 2826 in·

207 2871 409 2956 quirentibus
432 2871 521 2937 nasei
542 2873 655 2961 possit,
672 2895 746 2938 eum
759 2871 977 2959 Polybianum
999 2872 1040 2937 de
1056 2871 1181 2938 eisdem
1201 2871 1301 2938 rebus

207 2977 411 3046 interciderit
432 2979 662 3063 testimonium,
684 3001 747 3066 ego
769 3003 836 3046 non
858 2979 965 3046 video.
1012 2979 1128 3064 Itaque
1156 2989 1225 3045 tum
1247 2981 1301 3046 de·

207 3109 294 3152 mum
318 3086 359 3151 de
379 3088 534 3170 fontibus,
565 3088 682 3174 quibus
710 3088 822 3156 Livius
847 3089 880 3154 in
913 3081 1097 3154 enarrando
1131 3088 1217 3153 bello
1242 3087 1300 3153 Hi-

209 3196 369 3284 spaniensi
390 3220 468 3263 usus
493 3197 544 3280 sit,
565 3197 599 3262 in
629 3207 783 3286 promptu
806 3197 868 3264 erit
890 3197 1056 3280 iudicium,
1081 3197 1107 3262 si
1130 3196 1171 3261 ad
1191 3195 1299 3262 Livia·

206 3326 281 3370 nam
308 3305 558 3393 disputationem
581 3303 673 3390 quasi
693 3305 764 3370 veri
785 3305 953 3371 obrussam
975 3303 1217 3370 adhibuerimus
1237 3303 1300 3368 Po·

208 3412 385 3494 lybianum.
429 3411 606 3496 Postquam
635 3409 713 3474 inde
742 3434 760 3476 a
790 3410 895 3500 eapite
921 3411 1111 3478 XXXXIII
1131 3433 1236 3498 usque
1258 3411 1298 3478 ad

208 3519 391 3585 XXXXIV
407 3521 649 3608 paragraphum
663 3542 783 3587 nonam
804 3521 845 3586 de
858 3521 956 3586 rebus
976 3519 1108 3586 urbanis
1125 3520 1299 3603 nunciavit,

208 3629 249 3694 ad
269 3627 391 3695 bellum
406 3629 661 3696 Hannibalieum
679 3630 821 3696 narratio
837 3630 944 3695 denuo
969 3651 1003 3695 se
1025 3629 1196 3695 convertit.
1231 3627 1300 3696 Sed

208 3739 350 3803 omnium
362 3759 472 3804 aarum
489 3761 609 3826 rerum,
621 3761 758 3827 quarum
770 3739 882 3806 Livius
899 3739 991 3806 testis
1014 3747 1063 3804 est
1078 3737 1188 3804 nullae
1211 3738 1297 3828 apud

211 3928 405 3937 -e—-a-——nn

306 4059 332 4127 1)
351 4057 405 4112 Dio
419 4057 492 4114 Cass.
507 4057 582 4129 apud
591 4051 682 4114 Tasta.
700 4056 769 4114 chit
785 4055 812 4112 11
826 4056 892 4118 hist.
909 4059 953 4124 35,
965 4059 1079 4118 at-ua
1097 4056 1221 4114 Zonaras
1235 4059 1261 4122 9,
1271 4059 1297 4112 5.
