2834 4608
681 223 723 287 43

156 409 236 496 piat,
261 407 374 474 Livius
402 431 462 474 nos
496 408 537 474 de
568 429 679 474 rerum
702 407 887 474 narratione
918 427 1002 492 quae
1024 405 1246 489 antecesserit,

155 517 282 582 edocet.
325 516 415 582 Dicit
443 516 531 584 enim
547 515 692 582 Phileam
710 515 934 598 Tarentinum,
954 535 1014 602 per
1038 513 1183 602 speciem
1204 514 1249 580 le·

149 624 299 712 gationis
319 623 442 690 Romae
463 633 649 691 versantem
673 624 803 690 obsides
819 621 1015 689 Tarentinos
1037 629 1070 688 et
1083 621 1248 688 Thurinos

152 733 278 800 crebris
301 733 483 820 conloquiis
512 733 714 817 sollicitatos,
739 755 777 799 eo
799 731 1043 816 adduxissent
1067 729 1249 796 eeustodia

154 842 351 928 effugerent.
374 843 465 926 Quos
486 843 741 930 comprehensos
763 841 797 908 in
816 841 887 908 t'oro
904 841 1104 927 adprobante
1126 841 1248 930 populo

153 952 259 1040 virgis
282 976 391 1019 caesos
413 953 501 1019 etde
522 976 602 1019 saxo
628 952 774 1018 deiectos
796 971 879 1016 esse.
914 950 1018 1020 Huius
1040 972 1146 1039 poena
1165 961 1249 1016 atro-

154 1062 254 1128 citate
275 1061 392 1128 animis
421 1063 624 1130 Graecarum
658 1062 835 1128 civitatium
865 1059 1079 1128 vehementer
1109 1061 1248 1128 inritatis
1344 1070 1346 1079 ’

154 1169 315 1236 tredecim
338 1171 408 1236 fere
423 1171 550 1237 nobiles
572 1171 708 1237 iuvenes
728 1171 921 1236 Tarentinos
937 1173 1136 1238 coniurasse.
1161 1172 1247 1255 Quo-

156 1299 230 1344 rum
249 1279 415 1368 principes
428 1279 531 1345 fuisse
545 1277 707 1346 Niconem
726 1290 760 1344 et
774 1279 1012 1346 Philemonem.
1047 1283 1118 1348 Iam
1133 1281 1246 1346 eadem

149 1387 239 1480 apud
264 1389 394 1455 Livium
418 1389 565 1476 sequitur
587 1389 740 1472 narratio,
766 1412 861 1476 quam
882 1391 969 1480 apud
993 1391 1172 1477 Polybium
1192 1413 1247 1458 sx-

150 1509 222 1564 tare
257 1497 407 1566 vidimus.
472 1497 526 1564 Ac
556 1498 684 1564 Livium
715 1498 848 1586 quidem
877 1500 1060 1585 ePolybio
1090 1501 1247 1586 hausisse,

150 1611 315 1678 cumulata
333 1610 490 1676 habemus
509 1609 639 1676 indicia.
675 1609 806 1676 Etenim
819 1609 971 1694 quoniam
987 1607 1123 1676 eandem
1137 1632 1247 1676 rernm

149 1718 404 1808 perpetuitatem
440 1727 579 1807 uterque
610 1718 752 1806 scriptor
783 1718 926 1802 exhibet,
958 1718 1072 1786 Livius
1103 1740 1181 1784 vero
1214 1719 1249 1786 in

148 1827 264 1894 verbis
289 1827 433 1915 Polybio
457 1837 490 1894 et
511 1827 655 1917 pressior
677 1837 727 1894 est
752 1837 787 1924 et
807 1827 1009 1912 concinnior,
1031 1827 1127 1914 legis,
1150 1851 1247 1914 quam

150 1937 186 2002 in
213 1937 372 2002 vertendo
387 1937 517 2005 Graeco
538 1957 690 2002 sermone
712 1946 843 2004 secutus
864 1945 913 2002 est
934 1936 1133 2025 primariam,
1159 1938 1247 2022 quod

150 2045 249 2111 etiam
273 2045 307 2111 in
330 2047 431 2112 hacce
461 2045 623 2135 particula
645 2044 781 2111 Liviana
807 2055 954 2112 servatae
985 2045 1126 2131 vestigia
1152 2047 1246 2112 nobis

149 2155 303 2222 videmur
324 2156 591 2247 deprehendisse,
611 2178 677 2221 non
696 2156 814 2222 mirum
834 2165 892 2221 est.
926 2156 977 2220 Ita
999 2164 1034 2222 ut
1056 2157 1246 2245 exemplum

149 2264 299 2350 afferam,
315 2266 478 2353 quomodo
493 2266 656 2354 copiosam
669 2265 790 2352 Polybi
811 2267 1030 2333 narrationem
1053 2267 1088 2332 in
1109 2265 1242 2332 brevius

147 2375 263 2448 Livius
294 2381 492 2447 contraxerit
517 2381 552 2446 in
582 2381 698 2469 capitis
719 2381 790 2448 VII
811 2381 1019 2469 paragrapho
1042 2380 1108 2447 IV:
1138 2389 1245 2464 nocte,

147 2490 267 2576 inquit,
295 2511 356 2579 per
378 2491 523 2580 speciem
544 2489 686 2556 venandi
705 2489 830 2576 egressi
859 2512 902 2556 ex
922 2491 1006 2556 urbe
1028 2490 1070 2556 ad
1093 2513 1178 2574 eum,
1201 2513 1247 2557 sc.

148 2600 371 2668 Hannibalem
395 2599 655 2689 proficiscuntur,
675 2609 799 2666 etcum
818 2599 905 2664 haud
925 2601 1043 2688 procul
1059 2600 1174 2666 castris
1192 2602 1247 2666 ab·

149 2717 270 2792 essent,
303 2711 406 2776 ceteri
446 2707 529 2776 silva
558 2732 661 2799 prope
693 2712 779 2777 viam
803 2734 837 2776 sa
866 2711 1090 2796 occuluerunt,
1111 2711 1193 2778 Nico
1216 2722 1248 2777 et

148 2817 361 2885 Philemenus
389 2820 535 2906 regressi
554 2820 594 2886 ad
614 2819 770 2888 stationes
792 2821 1087 2910 comprehensique
1106 2821 1192 2886 ultro
1213 2819 1246 2885 id

150 2934 304 3014 petentes
326 2927 368 2992 ad
392 2925 612 2995 Hannibalem
644 2929 775 2995 deducti
799 2939 883 2995 sunt.
940 2929 1063 2996 Contra
1086 2929 1247 3016 Polybius

155 3035 200 3100 ita
226 3035 323 3102 tradit
345 3035 385 3102 dc
409 3037 523 3104 eadem
545 3059 600 3104 re:
624 3033 669 3118 ιός
690 3037 741 3104 ἐπ’
764 3037 891 3121 ἐξοόίαν
911 3035 1112 3126 ὁρμήσαντες
1133 3037 1168 3104 εἰι
1189 3041 1247 3126 τῆς

153 3139 285 3223 πόλεως
307 3145 361 3212 καὶ
383 3147 624 3232 σννεμγίσαντες
645 3152 686 3237 τῇ
709 3149 902 3238 παρεμβολῇ
924 3151 990 3212 τῶν
1015 3147 1248 3233 Καρχηδονίων

150 3247 276 3337 νυκτός,
298 3244 391 3321 όλλοι
419 3253 478 3338 μὲν
506 3255 724 3340 σομκαθέντες
744 3253 792 3334 εἰς
811 3281 883 3322 τινα
903 3251 1009 3323 τόπον
1027 3250 1135 3342 eidos]
1158 3251 1248 3338 παρὰ

148 3355 208 3448 τὴν
232 3357 311 3429 ὁδόν
332 3359 462 3447 ἔμειναν
482 3359 501 3430 ὁ
523 3364 559 3431 δὲ
575 3359 756 3452 Φιλήμονος
769 3364 824 3431 καὶ
837 3364 947 3431 Νίκων
967 3365 1142 3452 προῆλθον
1162 3360 1248 3451 πρὸς

150 3467 213 3558 τήν
224 3467 373 3558 ἐμβολήν.
393 3475 460 3538 τῶν
479 3473 515 3539 δὲ
530 3469 683 3561 φυλάκων
698 3472 943 3558 εἰιιλαβομένων
961 3465 1070 3540 αότιῦν
1086 3465 1245 3560 ἀνήγοντο

155 3574 242 3663 πρὸς
270 3576 328 3645 τόν
349 3573 512 3666 uestras,
539 3573 633 3648 οόόὲν
663 3573 908 3661 rinocerotes
930 3580 1041 3649 πόθεν
1063 3573 1138 3650 oilae
1160 3582 1245 3662 τίνες

101 3753 108 3766 ,
150 3675 243 3776 ἦσαν,
264 3681 344 3756 crisci
365 3688 401 3756 oa?
413 3687 515 3774 μόνον
529 3693 627 3759 τοῦτο
649 3692 830 3778 δηλοῦντες,
852 3687 904 3758 ότι
922 3691 1061 3759 θέλουσι
1080 3695 1128 3780 τῷ
1149 3714 1243 3777 στρα·

251 3917 277 3986 1)
295 3916 430 3988 Spectant
449 3917 503 3974 huc
520 3919 580 3975 sine
599 3919 684 3976 dubio
701 3921 787 3978 verba
797 3921 948 3991 Polybiane
964 3939 981 3977 a
1000 3921 1086 3978 Suida
1104 3923 1155 3978 suh
1172 3939 1241 3978 voce

147 4008 366 4087 προσπεσόντων
382 4013 501 4070 tradita:
521 4011 732 4088 προπεσόντων
748 4017 781 4073 dl
799 4013 901 4075 τοόιων
917 4021 957 4088 Ιεἰς
977 4012 1103 4091 Τάραντα
1121 4016 1244 4083 καὶτοὺς

147 4116 276 4186 Θουρίους
292 4105 437 4184 ἠγανάκτει
453 4109 486 4167 τὰ
506 4107 606 4182 πλήθη.
