2852 4610
679 129 720 192 41

130 307 174 369 22
197 299 375 370 invenimus
398 305 433 368 et
461 300 495 366 in
516 298 665 384 partibus
687 297 872 384 Polybianis
895 317 1060 382 nunquam
1091 297 1197 366 solent
1218 298 1273 366 de·

132 429 215 476 esse.
248 407 341 499 ¹Tum
364 426 441 474 varo
463 405 639 492 quaeritur,
662 417 738 471 uum
760 403 913 490 Polybius
935 405 1015 472 baec
1043 405 1150 471 omnia
1173 426 1272 491 expo·

128 515 242 597 suerit,
274 519 332 580 aut
353 519 420 580 tarn
453 512 522 580 late
553 511 747 596 exposuerit,
771 517 887 595 atque,
909 516 947 577 ut
966 510 1028 578 hoc
1049 501 1272 593 concedambs,

129 645 208 690 num
229 621 290 690 hoc
311 622 384 705 ipsc
405 621 477 688 loco
499 619 621 687 lecerit.
666 618 750 684 Nam
772 619 802 686 si
823 617 888 684 alio
909 618 980 684 loco
1003 619 1150 702 exposita
1169 624 1273 699 erant,

132 751 212 797 sane
233 749 299 795 non
321 726 514 794 verisimile
536 731 596 808 est,
641 725 766 792 Livium
790 730 849 791 aut
869 725 995 810 priores
1008 729 1066 791 aut
1076 725 1274 809 posteriores

129 837 233 906 libres
255 836 298 903 ad
319 835 400 902 haec
419 835 530 919 capita
551 833 766 900 describenda
787 833 990 918 inspexisse;
1011 831 1090 898 nihil
1102 833 1186 900 enim
1204 855 1273 900 rer·

130 952 202 1012 tere
224 943 362 1024 solebat,
385 943 445 1008 nisi
468 941 555 1026 quod
575 943 610 1008 in
631 946 792 1026 promptu*
806 946 887 1009 erat.

165 1123 168 1126 ,
218 1052 334 1136 ltaque
350 1070 396 1116 ex
418 1049 554 1136 Polybio
577 1048 743 1134 digressus
765 1047 821 1117 illc
844 1069 909 1114 non
931 1047 1273 1132 videturdesumptus3

132 1179 237 1242 neque
258 1175 335 1224 vern
357 1157 459 1242 magis
482 1162 620 1238 constat,
643 1175 683 1222 ex
706 1175 845 1240 quonam
868 1154 1042 1222 aliolonte.
1076 1155 1148 1222 Dici
1166 1160 1275 1223 tamen

130 1267 250 1348 potest,
273 1281 444 1328 montaum
466 1282 487 1327 s
508 1259 616 1343 capite
637 1261 679 1325 29
701 1258 915 1343 separandum
927 1279 992 1325 non
1009 1279 1091 1342 esse,
1110 1259 1187 1343 quia
1199 1260 1275 1326 inda

130 1370 260 1436 initium
282 1370 403 1453 capiat,
425 1367 513 1452 quod
532 1366 723 1433 Massinissa
744 1365 787 1432 ad
809 1365 990 1450 Scipionem
1011 1367 1203 1450 pervenerit,
1226 1372 1275 1433 at·

131 1497 197 1562 que
216 1476 315 1544 rebus
337 1496 358 1542 a
379 1475 571 1542 Massinissa
594 1473 879 1560 gestisveuarratis
898 1473 1047 1558 explicet,
1069 1475 1112 1562 (c.
1126 1473 1182 1562 33)
1195 1492 1274 1560 quo·

131 1604 219 1650 mam
241 1583 337 1651 modo
359 1588 429 1650 tum
452 1582 590 1648 maxime
611 1581 653 1648 ad
676 1581 840 1648 Romanos
862 1583 1001 1648 transire
1022 1582 1177 1668 potuerit,
1232 1583 1276 1648 Et

8 1679 11 1684 ¹
130 1690 258 1759 initium
281 1689 381 1774 igitur
403 1692 436 1756 et
458 1688 533 1755 finis
564 1709 637 1754 cnm
671 1693 781 1756 cetera
814 1687 1001 1755 narratione
1028 1691 1200 1774 conjuncta
1229 1688 1275 1753 vi-

10 1817 13 1822 ’
131 1797 262 1864 dentur.

220 1901 460 1986 Reputantibus
483 1907 603 1983 autem,
626 1922 722 1986 qnam
745 1920 820 1967 raro
845 1900 954 1966 Livius
977 1900 1011 1966 iu
1031 1901 1195 1968 ¹narrando
1228 1901 1275 1967 di·

132 2029 276 2094 gressum
307 2029 328 2074 a
353 2009 521 2094 proposito
549 2013 701 2092 usurpet,
734 2009 836 2092 magis
859 2007 956 2073 etiam
978 2029 1171 2092 persuasum
1201 2009 1275 2090 erit,

134 2116 178 2183 ab
198 2137 237 2184 ee
259 2137 429 2182 excursum
440 2115 532 2182 illum
553 2114 686 2182 insonte
703 2136 762 2181 suo
780 2114 841 2181 boc
852 2114 924 2198 ipso
936 2113 1006 2182 loce
1021 2115 1275 2182 esseinventum.

134 2224 285 2307 Accedit,
309 2225 394 2309 quod
417 2245 521 2310 neque
543 2229 641 2291 antea
662 2244 766 2307 neque
794 2229 909 2307 postea
938 2221 1089 2305 affertur,
1120 2223 1154 2289 id
1186 2223 1275 2311 quod

132 2334 303 2417 Appiauus
323 2338 455 2414 narrat,
476 2331 605 2418 Libyca.
639 2353 666 2398 c.
680 2329 720 2412 X,
731 2329 960 2398 Massinissam'
976 2335 1052 2396 ante
1075 2330 1198 2397 Cirtam
1222 2356 1273 2398 ur·

132 2442 209 2509 bem
239 2447 370 2526 captam
403 2461 516 2508 amore
555 2462 627 2506 cum
658 2439 844 2524 Sophoniba
874 2443 1078 2525 conjunctum
1109 2440 1216 2506 luisse·
1242 2447 1276 2508 et

134 2553 269 2636 propter
297 2549 441 2634 puellam
474 2549 536 2616 sibi
566 2553 712 2634 ereptam
735 2547 1052 2633 Carthaginiensibus
1083 2553 1118 2612 et
1138 2547 1276 2633 Syphaci

134 2657 423 2736 infensumfactum
434 2677 514 2724 esse.
537 2657 645 2724 Etiam
662 2677 815 2722 excursus
826 2655 893 2721 Liv.
909 2653 1024 2736 XXIX,
1036 2659 1087 2736 29,
1101 2659 1210 2720 6-33
1225 2661 1276 2722 ta·

133 2764 180 2830 lia
202 2784 266 2830 uon
287 2763 397 2844 habet,
419 2763 476 2830 sed
500 2764 534 2830 in
556 2763 606 2829 his
628 2783 757 2848 quoque
780 2762 876 2829 rebus
905 2781 1032 2845 semper
1065 2783 1136 2827 cum
1168 2767 1275 2828 cetera

134 2870 322 2939 narratione
342 2871 514 2937 consentit.
560 2869 653 2948 Quod
675 2875 785 2936 autem
804 2869 840 2934 in
872 2868 924 2934 his
953 2867 1115 2952 capitibus
1146 2873 1275 2935 29-33

134 2977 289 3045 nonnulla
312 2978 526 3058 inveniuntur,
550 2997 636 3061 quse
656 2976 720 3042 nisi
742 2977 798 3059 qui
820 2979 892 3041 cum
914 2974 1103 3042 Massinissa
1124 2997 1276 3061 congres-

134 3107 202 3178 sos
221 3089 310 3166 erat,-
337 3083 389 3151 vix
417 3089 550 3168 poterat
570 3084 673 3162 scire,
705 3081 913 3150 nullomodo
941 3084 1124 3150 sentcntiae
1144 3090 1276 3152 nostrae

134 3193 263 3273 obstat,
292 3212 367 3261 uam
391 3191 490 3258 etiam
512 3212 596 3276 quae
616 3191 662 3274 L,
684 3191 785 3273 XXX,
810 3193 937 3258 11-15
961 3192 1276 3276 mpoutasuut,ac·

135 3294 370 3368 curatissimam
391 3300 603 3385 cognitionem
624 3320 705 3384 prae
728 3320 763 3366 se
776 3298 894 3366 lerunt.
924 3299 1062 3385 ltaque,
1080 3321 1276 3386 quamquam

135 3429 201 3489 non
222 3429 356 3494 prorsus
379 3413 502 3477 eertum
519 3407 673 3494 judicium
693 3407 852 3474 audemus
872 3407 968 3489 terre,
991 3413 1100 3474 tamen
1116 3413 1181 3476 non
1196 3410 1291 3476 mni-¹

134 3522 206 3583 turn
228 3517 408 3583 a'veritate
441 3515 535 3582 uob'm
557 3515 703 3582 uidemur
723 3514 895 3596 aberrare,
931 3514 1008 3580 sic.
1031 3515 1146 3599 XXIX,
1180 3521 1275 3598 29,6

138 3627 223 3690 -33
246 3624 287 3690 ad
311 3624 447 3692 eundem
469 3624 606 3706 fontem,
628 3624 671 3690 ad
694 3644 789 3708 quern
811 3643 921 3690 omnes
942 3625 1145 3692 uenationes
1166 3626 1276 3692 rerum

134 3732 291 3802 inAfrica
314 3738 347 3798 at
369 3733 531 3818 Hispania
551 3755 574 3800 a
595 3733 743 3818 Scipione
765 3736 929 3817 gestarum
952 3732 1276 3816 pacicarcdicimcs.

168 3895 170 3902 .
199 3859 203 3878 ¹
222 3840 327 3921 Quam
357 3841 644 3909 arcteautcmhiv.
657 3841 781 3922 xxix,
801 3861 828 3907 c.
850 3843 980 3908 34-36
999 3841 1275 3926 commisti,

133 3948 316 4030 cohaereat,
339 3969 411 4015 cum
443 3971 504 4034 per
524 3971 561 4016 se
581 3956 692 4036 patet,
724 3953 795 4016 tum
818 3949 916 4015 etiam
939 3957 1083 4034 apparet
1099 3969 1139 4016 ex
1160 3951 1275 4034 XXIX,

136 4062 188 4136 33,
223 4061 259 4140 3,
292 4055 349 4126 ubi
380 4056 552 4143 respicitur
585 4059 628 4126 ad
650 4057 811 4142 Scipionis
831 4062 938 4124 castra
966 4057 1008 4122 ad
1031 4057 1169 4140 Uticam,
1193 4075 1276 4144 quae

131 4166 179 4233 ab
195 4185 240 4232 eo
263 4170 351 4232 mota
374 4185 445 4232 csse
467 4169 651 4233 narramur.
697 4167 808 4251 Atque
828 4166 1099 4234 cum'haecinter
1114 4185 1149 4235 se
1162 4170 1276 4235 cohae-

134 4278 241 4357 ncant,
264 4295 304 4342 ex
325 4273 387 4344 heo
409 4274 483 4360 ipso
503 4274 575 4342 loeo
592 4275 700 4361 magis
723 4275 823 4342 Mam
833 4273 1049 4342 demonstrari
1063 4278 1276 4361 potestque
