2834 4608
666 299 705 362 rs

137 484 263 552 eduxit.
310 483 394 548 Inde
415 491 507 550 reete
534 503 593 550 nus
617 481 792 566 collegisse
813 481 944 548 Livium
967 483 1132 549 Graecum
1155 479 1230 548 eonss

139 593 281 674 suluisse
303 604 483 676 auctorem,
506 593 642 680 insuper
670 591 896 660 demonstrant
923 592 1109 676 fragmenta
1132 591 1230 675 Poly·

137 701 250 787 biana‚·
267 725 410 789 quornm
432 725 532 768 unum
554 699 641 788 apud
663 701 854 767 Behkerum
876 710 967 767 extat
991 702 1040 784 10,
1062 700 1111 766 25.
1134 699 1233 782 Quod
1264 767 1268 778 ‚

138 814 270 900 quidem
294 835 368 878 oum
394 811 585 878 orationem.
598 809 867 899 comprehendat,
886 810 927 876 ad
948 810 1131 897 legatorum
1156 832 1232 876 oona

136 921 259 988 tionem
281 932 429 1011 spectare
442 919 573 986 videtur
584 920 730 1006 Aegium
753 911 975 1002 convocatam,
994 919 1165 986 ooniLiv.
1178 921 1230 986 30.

137 1032 226 1112 510:
266 1031 322 1100 Ibi
345 1030 386 1098 de
406 1031 559 1098 Aetolico
583 1031 669 1098 bello
693 1029 838 1098 finiendo
865 1037 973 1096 aetum
996 1049 1040 1096 ne
1062 1053 1158 1094 causa
1177 1037 1233 1096 aut

136 1139 292 1207 Romanis
315 1150 370 1205 aut
391 1141 503 1206 Attalo
527 1139 670 1206 intrandi
694 1137 866 1207 Graeciam
893 1149 987 1206 esset.
1028 1139 1138 1228 Ipsam
1157 1161 1233 1206 era-

135 1251 258 1317 tionem
279 1249 391 1315 Livius
417 1247 535 1316 omisit.
580 1250 685 1316 Porro
713 1248 800 1335 quod
823 1250 922 1315 verba
942 1248 977 1316 in
1002 1248 1148 1336 margine
1177 1271 1231 1334 eo-

136 1359 219 1426 dieis
240 1357 411 1428 Urbinatis
433 1369 563 1448 reperta
584 1362 693 1426 πᾶσαν
710 1355 770 1445 γὰρ
794 1353 1034 1445 δημοκρατικὴν
1052 1356 1243 1442 συμμαχίαν
1346 1338 1363 1396 s

134 1467 189 1534 aui
209 1469 472 1556 paternoster
492 1469 625 1535 δεῖσθαι
655 1464 710 1536 διὰ
734 1463 794 1550 τὰς
816 1467 850 1535 ἐν
870 1470 942 1546 τοῖς
964 1463 1110 1555 πλήθεσι
1128 1489 1234 1552 μιμνο-
1280 1463 1290 1492 l

135 1577 234 1662 μένας
264 1569 398 1664 α’λομίας
419 1587 494 1666 post
523 1579 703 1644 orationem
730 1576 822 1644 illam
851 1577 1024 1645 collocavit
1047 1576 1233 1659 Belslserus5

140 1709 218 1752 sane
238 1687 311 1753 fieri
344 1686 454 1774 potuit
481 1695 516 1752 ut
537 1685 630 1752 etiam
665 1707 701 1752 ea
729 1688 764 1753 in
791 1687 938 1754 consilio
954 1686 1014 1752 illo
1041 1686 1082 1751 ab
1104 1693 1232 1750 oratore

138 1796 248 1882 aliquo
277 1797 581 1888 pronunciarentur.
631 1797 699 1868 Sed
731 1796 915 1864 accuratius
948 1803 1012 1884 que'
1044 1795 1233 1882 pertineant

139 1903 196 1969 viic
219 1903 346 1972 definiri
368 1905 497 1992 poterit.
543 1905 690 1972 Tertium
712 1905 863 1992 deniqne·
879 1906 1101 1991 fragmentum
1123 1927 1143 1968 a
1163 1901 1230 1966 Va-

42 2019 44 2024 '
120 2011 218 2080 'lesio
240 2013 382 2100 primum
403 2015 590 2101 evulgatum
614 2015 762 2100 (Bekker
781 2016 829 2095 10,
853 2014 908 2098 26)
932 2014 974 2079 de
998 2013 1063 2077 vita
1085 2009 1229 2099 Philippi

135 2123 239 2210 Argis
266 2133 397 2210 peracta
425 2123 583 2188 certiores
612 2145 672 2189 nos
704 2123 792 2190 facit.
839 2123 896 2188 Ad
916 2129 999 2188 eum
1028 2144 1067 2188 eo
1098 2119 1231 2208 quidem

134 2254 270 2322 prorsus
311 2232 473 2300 consentit
510 2232 627 2300 'Livius
669 2257 696 2300 o.
721 2234 761 2299 31
799 2232 876 2298 inde
913 2256 931 2298 a
962 2231 1167 2320 paragrapho
1201 2231 1233 2296 3.

136 2345 341 2430 Quamquam
365 2365 408 2408 nc
430 2341 463 2408 iu
476 2364 524 2408 eo
544 2343 690 2422 haereas,
714 2342 805 2429 quod
827 2365 893 2410 non
914 2341 957 2408 ad
971 2342 1107 2426 verbum
1121 2363 1231 2406 exem·

136 2451 208 2540 plar
235 2473 329 2518 suunt
357 2449 521 2518 Romanum
552 2471 664 2516 rerum
692 2451 832 2539 scriptor
860 2450 1071 2539 expresserit,
1096 2470 1231 2516 menen·

136 2559 213 2626 dum
235 2560 376 2646 videtur,
396 2561 532 2630 rationis
548 2569 651 2650 'quam
678 2558 894 2626 invertendo
916 2555 1045 2626 Graeco
1076 2579 1233 2626 sermone

136 2669 266 2736 Livium
298 2669 446 2736 secutum
477 2690 549 2736 esse
580 2669 645 2734 iam
674 2692 771 2735 nemo
802 2668 917 2752 nescit,
945 2669 1044 2735 etiam
1066 2669 1129 2734 hoc
1158 2669 1231 2734 loeo

136 2790 225 2845 certa
246 2788 360 2846 estare
380 2779 529 2864 vestigia.
566 2779 618 2844 Ita
637 2777 766 2868 saepius
790 2779 958 2866 copiosam
979 2778 1100 2863 Polybi
1121 2799 1232 2842 narra·

136 2888 262 2954 tionem
278 2888 426 2954 'breviter
444 2887 647 2976 perstrinxit.
686 2887 771 2954 Nam
794 2909 875 2974 quae
896 2885 976 2953 dicit
995 2885 1172 2971 Polybius:
1195 2876 1234 2951 od

134 2994 194 3082 γὰρ
215 2993 266 3064 ἔτι
295 2992 356 3075 κάς
376 2991 475 3084 χήρας
498 2996 613 3082 ε’πείρα
635 3001 785 3082 γυναῖκας
810 2989 885 3064 οὐδὲ
904 2991 962 3074 νὰς
980 2987 1159 3080 ἀνάνδρους
1178 2986 1235 3080 ἦρ-

134 3109 224 3173 κεῖτο
255 3099 427 3190 μοιχεύων,
459 3097 526 3170 dll’
561 3105 597 3172 ἐκ
627 3099 891 3192 προςιᾶμματος,
920 3097 958 3191 ἣν
989 3094 1077 3191 αὐτῷ
1107 3101 1234 3207 φανείη,

135 3213 342 3300 προπέμψας
365 3207 482 3297 ἐκάλει,
503 3218 575 3292 ταῖς
603 3213 639 3281 δὲ
661 3210 704 3300 μί
727 3213 912 3299 προχείρως
935 3205 1235 3289 σονυπακοοούσαις
1282 3220 1287 3227 ’

137 3320 280 3411 ἐνύβριζε
304 3325 371 3390 κτλ.
393 3325 437 3388 ita
459 3323 571 3389 Livius
591 3324 691 3390 vertit
712 3333 749 3390 ut
770 3324 906 3390 scribat:
926 3343 1032 3408 neque
1054 3321 1142 3388 enim
1168 3341 1234 3386 em-

135 3434 189 3499 nia
214 3436 343 3500 emebat
362 3442 416 3499 aut
440 3432 708 3516 eblandiebatur,
729 3433 786 3499 sed
806 3431 873 3498 vim
893 3431 1026 3518 flagitiis
1048 3430 1234 3496 adhibebat.

134 3543 228 3608 Idem
251 3541 293 3608 de
321 3565 379 3608 suo
401 3541 531 3608 videtur
553 3541 717 3608 addidisse
741 3561 767 3608 e.
789 3543 828 3608 31
853 3543 872 3622 ἓ
895 3547 937 3609 5:
959 3549 1155 3629 aequaverat
1180 3562 1232 3606 ue·

136 3651 214 3718 teris
229 3674 264 3717 se
287 3652 321 3717 in
344 3635 500 3740 speciem,
523 3674 603 3738 quo
626 3649 738 3716 nihil
759 3660 824 3716 est
844 3649 1019 3736 gratius
1042 3649 1232 3716 civitati-

133 3763 211 3827 bus
242 3759 451 3846 liberis1).
500 3761 579 3828 Alia
613 3759 831 3849 discrepantia
866 3759 994 3826 videtur
1029 3780 1127 3840 esse„
1145 3758 1233 3846 quod

234 4013 262 4080 1)
282 4011 338 4066 Sed
363 4029 399 4067 ne
427 4012 489 4082 quis
513 4013 658 4082 putaverit
685 4012 768 4067 aliam
794 4011 870 4067 inter
898 4002 1048 4081 utrumque
1067 4010 1233 4082 scriptorem

134 4107 352 4178 discrepantiam
376 4107 551 4164 intercedere
585 4125 659 4178 eam,
694 4109 770 4178 qnod
796 4109 892 4165 Livius
921 4108 1004 4164 dicit:
1034 4107 1233 4178 periculosum·

136 4219 191 4276 que
211 4208 240 4258 et
258 4205 326 4260 viris
343 4207 373 4261 et
394 4205 559 4277 parentibus
581 4209 651 4271 erat,
669 4221 778 4263 moram
804 4205 981 4262 incommoda
999 4205 1151 4264 severitate
1170 4203 1233 4260 libi·
