2834 4608
703 291 743 354 tl

169 475 290 543 'Livius
312 478 351 542 31
376 479 394 558 5
417 477 512 566 oper
534 478 615 542 haoc
637 476 743 563 inquit
764 477 887 561 flagitia
911 475 1049 546 solemni
1071 475 1274 542 Nemeorum

178 595 311 676 peracto
335 598 399 652 etc.
420 597 533 652 contra
560 587 785 672 fragmentum
815 585 1034 670 Polybianum
1062 584 1110 678 ita
1137 582 1275 673 incipit:

178 691 229 762 δτι
252 697 422 775 Φίλιππος
445 692 463 762 d
484 691 635 780 βασιλεδς
649 689 855 762 Μακεδόνων
870 690 954 778 μετὰ
973 689 1012 760 τὸ
1032 693 1196 762 ἐκτελέσαι
1214 689 1275 759 τὸν

177 809 245 872 τῶν
265 806 401 890 Νεμέων
421 797 539 892 idciro,
561 792 661 884 αὖθις
681 795 835 890 eglippus
857 803 1053 891 ἐπανῆλθεν.Ι
1094 801 1177 870 -ssd
1198 825 1275 868 cum

178 925 296 1002 pergat
310 915 444 981 ²Livius:
465 915 662 1002 „paucisque
684 912 805 978 additis
819 912 952 980 diebus‘
973 912 1079 998 quivis
1097 911 1275 997 intellegit,

179 1044 253 1090 eum
276 1046 344 1092 uon
372 1024 413 1090 da
443 1025 522 1090 solis
550 1023 669 1090 diebus¹
696 1023 788 1088 festia
811 1029 830 1088 ε’
852 1042 933 1110 rege
960 1042 1020 1110 per
1047 1021 1171 1106 flagitia
1198 1043 1275 1110 per·

177 1135 258 1200 actis
280 1135 466 1214 ‘memoriae
497 1135 649 1224 prodere.
700 1133 817 1218 Pergit
848 1132 962 1198 Livius
984 1131 1026 1198 ad
1052 1153 1107 1198 res
1130 1133 1275 1197 urbanas

153 1252 155 1257 ’
178 1243 401 1332 exponendas.
434 1243 518 1310 T‘um
541 1245 575 1310 in
598 1241 705 1331 cispite
729 1241 882 1310 XXXIX
900 1239 1141 1310 Hasdrubalem
1161 1251 1277 1306 namot

113 1386 116 1391 ·
178 1350 320 1441 Alpibus
347 1352 508 1442 superetis
528 1351 563 1418 in
594 1351 721 1420 Italiam
744 1351 884 1417 venisse.
915 1349 969 1432 (Iu
993 1349 1097 1437 capite
1118 1348 1277 1416 XXXVI

178 1458 427 1528 Massiliensium
458 1463 587 1548 legatos
619 1459 760 1548 primum
793 1459 966 1526 nunciasse
996 1457 1105 1539 tradit,
1139 1478 1213 1524 eum
1236 1456 1279 1526 iu

178 1570 320 1638 Galliam
343 1579 582 1656 transgressum
605 1570 703 1666 aare)
736 1567 952 1653 ,Polytimus
972 1567 1166 1647 narrationis
1188 1565 1276 1631 nibil

177 1689 340 1746 servatum
358 1689 419 1744 est
447 1679 514 1746 nisi
542 1680 644 1745 verba
666 1700 691 1743 a
722 1678 839 1748 Suida¹
856 1679 916 1744 sub
951 1683 1032 1744 voce
1062 1675 1276 1764 ῥᾳδιεστέραν

177 1789 302 1872 medita,
326 1789 417 1877 apud·
438 1789 627 1854 Beklrerum
650 1789 699 1870 11,
723 1791 740 1852 1
769 1779 850 1854 ἀλλὰ
870 1782 957 1854 notri
979 1784 1196 1875 ’ῥᾳδιεστέραν
1218 1785 1279 1851 καὶ

176 1898 422 1984 συντομωτέραν
450 1897 567 1984 συνέβη
592 1897 744 1984 γενέσθαι
774 1893 836 1964 ταν
865 1889 1066 1980 Ἀσδρούβαν
1088 1893 1278 1979 παρουσίαν

141 2063 145 2072 .
178 2005 225 2086 εἰς
245 2000 390 2073 Ἰταλίαν.
433 2006 559 2072 Eodem
586 2011 714 2096 spectat
746 2005 833 2092 quod
864 2005 979 2072 Livius
1004 2029 1035 2070 c.
1057 2003 1109 2087 39,
1133 2003 1154 2068 6
1175 2000 1277 2069 dicit:

177 2126 323 2182 ceterum
343 2113 543 2182 Hasdrubali
562 2120 595 2180 et
612 2126 723 2181 sua-et
737 2115 875 2181 aliorum
900 2134 959 2201 spe
981 2113 1089 2180 omnia
1110 2113 1276 2184 celeriora

176 2234 275 2310 atque
297 2225 505 2312 expeditiora
524 2225 625 2290 fuere.
659 2227 846 2312 ¹Postquam
865 2224 981 2290 Liviu's
1001 2223 1036 2288 in
1055 2221 1276 2308 sequentibus

178 2334 219 2399 de
240 2336 340 2401 rebus
363 2333 496 2402 urbanis
517 2335 627 2400 uerba·
640 2333 728 2418 fecit,
747 2333 824 2399 inde
845 2333 1001 2421 sospitis
1022 2331 1156 2398 XXXX
1177 2353 1271 2420 para-

177 2444 304 2531 grapho
326 2445 360 2512 X
382 2443 424 2509 ad
446 2445 573 2533 proclia
598 2443 708 2534 pergit
741 2443 953 2509 describendo
984 2466 1003 2507 a
1025 2440 1178 2508 Romanis
1201 2439 1276 2505 toli-

178 2553 259 2618 eiter
292 2561 407 2618 eontra
436 2553 543 2641 ipsum
578 2552 796 2618 Hannibalem
829 2550 1012 2622 commissa.
1039 2609 1042 2616 .
1067 2549 1159 2630 Quae
1192 2549 1276 2616 mibi

177 2671 354 2749 propteroa
384 2686 403 2726 a
434 2661 616 2747 Polybiane
647 2662 830 2726 narratione
862 2659 1016 2726 videntur
1038 2647 1153 2741 aliena,
1183 2657 1276 2744 quod

177 2769 357 2836 identidem
386 2770 443 2834 illo
471 2781 570 2856 negat
601 2770 821 2836 Hannibalem
849 2779 925 2836 ante
953 2767 1081 2834 cladem
1104 2765 1192 2854 apud
1213 2765 1276 2832 Ζο-

178 2901 262 2943 mam
285 2889 464 2964 acceptam,
487 2878 607 2944 victum
631 2899 713 2943 esso.
737 2875 856 2962 Neque
877 2876 971 2944 alitor
995 2875 1036 2942 de
1059 2874 1106 2941 eis
1127 2875 1275 2942 iudican-

179 2987 255 3056 dum
271 2987 411 3071 videtur,
434 3009 517 3075 quae
534 2987 569 3052 in
581 2998 731 3054 extremo
747 2987 821 3054 libri
843 2987 977 3054 XXVII
992 2985 1105 3054 Livius
1126 2985 1275 3054 tradidit.

181 3201 375 3210 ———--—-—-

177 3315 236 3369 diui
252 3313 347 3386 regiae
365 3315 465 3372 iecisse
490 3320 589 3376 contra
608 3315 756 3385 Polybius:
775 3319 822 3370 καὶ
843 3316 898 3372 τῶν
922 3315 978 3388 μὲν
1003 3310 1065 3374 τοὺς
1090 3317 1154 3374 υἱεῖς
1180 3313 1276 3384 inquit

177 3413 231 3466 miv
248 3413 280 3466 δὲ
303 3409 365 3475 τοὺς
387 3407 489 3484 ἄνδρας
511 3406 730 3484 ἀνακαλούμενος
757 3413 804 3468 ἐπὶ
828 3407 1005 3486 προφάσεσιν
1021 3405 1130 3482 ἀλόγοις
1148 3411 1275 3464 διέσειεν.

176 3507 253 3562 Fieri
271 3509 345 3564 enim
364 3527 421 3582 non
437 3514 539 3582 potest,
559 3509 626 3579 quin
646 3509 737 3565 labem
755 3509 894 3580 traxerint
909 3509 997 3564 uerba
1015 3507 1175 3580 Polybiane.
1200 3507 1274 3564 Nam

177 3605 245 3674 qnid
262 3605 319 3675 sit„
332 3622 382 3660 cur
406 3607 461 3660 τῶν
477 3606 533 3678 μὲν
557 3601 620 3666 τοὺς
637 3609 702 3665 υἱεῖς
727 3607 782 3662 τῶν
803 3606 834 3659 δὲ
853 3602 914 3665 τοὺς
932 3599 1034 3678 ἄνδρας
1053 3604 1089 3659 ad
1107 3621 1136 3658 se
1156 3605 1273 3658 vocatos

176 3689 363 3768 insultaverit,
389 3719 487 3784 parum
514 3703 656 3779 intellego.
691 3701 774 3760 osrts
799 3719 814 3756 e
837 3685 900 3760 tolo
918 3701 1119 3784 sententiarum
1143 3719 1274 3757 connexu

177 3801 294 3868 apparet
313 3797 358 3854 hic
377 3804 406 3853 et
424 3799 459 3853 de
475 3799 631 3870 uirginibus
650 3801 679 3855 et
696 3799 731 3853 de
749 3797 860 3854 feminis
873 3799 904 3853 iu
915 3799 1093 3876 matrimonio
1110 3797 1272 3853 viventibus

177 3895 240 3966 pari
265 3894 349 3951 modo
378 3912 394 3948 a
419 3912 487 3968 rege
513 3896 611 3964 pet-itis
635 3895 817 3966 cogitandum
840 3912 909 3950 esse.
955 3895 1052 3964 Itaque
1069 3911 1134 3948 oum
1151 3893 1272 3948 aliarum

176 3993 260 4058 viros,
279 3996 312 4048 ut
324 4009 425 4048 uxores
443 3992 553 4050 libidini
571 4007 635 4048 suae
649 3993 795 4061 dederent,
813 3993 979 4064 increparet,
999 3991 1116 4046 aliarum
1131 4007 1194 4046 oum
1213 4007 1271 4046 uon

175 4089 257 4154 filios,
274 4089 324 4146 aad
341 4093 478 4162 parentes,
490 4090 666 4160 impudenter
682 4091 852 4162 postulando
871 4090 1035 4146 sollicitasse
1052 4089 1272 4144 consentaneum

178 4189 231 4244 est.
264 4187 363 4259 Itaque
379 4205 437 4244 non
452 4187 562 4253 dubito,
581 4187 649 4258 quin
665 4205 718 4259 pro
736 4191 801 4250 υἱεῖς
818 4187 998 4246 scribendum
1016 4185 1054 4242 sit
1069 4189 1167 4255 γονεῖς.
