2834 4608
772 216 811 280 12

162 409 169 420 '
247 399 412 488 νιζομένης
431 407 502 480 τοῖς
522 396 668 488 γεγονόσι
690 381 750 487 γῆς
772 395 876 487 τύχης,
899 400 1014 488 συνέβη
1036 403 1105 486 μετ’
1130 393 1239 486 ὀλίγας
1259 395 1334 487 ἦμέ-

247 533 305 592 ρας
324 511 435 586 κτλ.ῑ).
468 510 591 578 Contra
604 509 717 576 Livius
739 510 795 596 qui
811 509 851 574 de
873 508 987 575 eadem
1009 531 1046 575 re
1070 509 1104 574 in
1125 510 1203 575 libri
1216 509 1336 576 XXIII

247 619 353 706 capite
375 617 490 682 XXIV
515 617 651 706 exponit
668 627 809 683 exeunte
829 616 959 684 demum
980 640 1065 684 anno
1081 618 1120 684 L.
1135 618 1336 684 Postumium

246 735 409 790 mortuum
433 748 504 792 esse
528 728 605 793 volt.
655 723 753 806 Quod
764 729 789 808 2)
814 726 900 792 enim
923 727 1053 793 tertium
1074 749 1149 792 eum
1171 729 1336 794 absentem

247 835 415 900 consulem
446 845 591 902 creatum
617 858 688 902 esse
721 835 885 920 dicitque
921 845 1070 922 tempore
1098 835 1178 902 Idus
1202 838 1337 904 Martiae

245 944 310 1009 iam
330 946 635 1033 appropinquabant
665 946 819 1012 nuncium
844 945 946 1010 cladis
972 956 1125 1032 acceptae
1157 945 1252 1011 initio
1286 947 1336 1011 de·

250 1075 339 1120 mum
356 1056 431 1119 anni
453 1055 614 1143 proelium
633 1053 806 1122 Cannense
830 1055 978 1140 proxime
993 1054 1338 1140 insequentisRomam

246 1163 410 1252 perlatum
443 1185 514 1230 esse
543 1173 688 1252 apparet.
741 1163 899 1232 Ceterum
933 1165 993 1229 etsi
1024 1164 1097 1229 luce
1130 1173 1179 1228 est
1216 1164 1335 1230 clarius

246 1273 465 1339 narrationem
492 1296 562 1340 eam
582 1274 752 1340 Livianam
782 1295 825 1339 ex
856 1274 1021 1338 annalium
1049 1272 1158 1360 aliquo
1177 1273 1339 1359 scriptore

246 1383 393 1448 haustam
416 1403 498 1465 esse,
529 1393 638 1447 tamen
670 1383 781 1448 nescio
813 1405 855 1449 an
877 1383 977 1448 verba
1000 1381 1087 1448 eius:
1123 1382 1219 1448 aliam
1242 1405 1339 1471 super

247 1491 343 1556 aliam
375 1493 433 1574 (sc.
456 1492 598 1572 cladem)
631 1463 829 1558 cumularite'
850 1492 884 1557 in
907 1514 981 1558 eum
1004 1511 1124 1556 annum
1146 1493 1281 1558 fortuna
1303 1491 1340 1556 ad

247 1599 491 1668 similitudinem
522 1611 705 1690 comparata
725 1601 897 1667 videantur
925 1602 1196 1688 Polybianorum:
1227 1596 1339 1683 ὥσπερ

246 1707 482 1797 anapaestum
509 1712 563 1776 καὶ
589 1710 926 1797 συνεπαγωνιζομέγης
949 1714 1021 1789 τοῖς
1042 1704 1189 1796 γεγονόσι
1210 1713 1273 1797 τῆς
1294 1705 1340 1776 cir

144 1845 149 1856 ¹
245 1845 313 1907 γης.
357 1820 451 1904 Quae
469 1830 542 1886 ntut
562 1820 802 1886 accuratissime
826 1819 887 1885 sibi
908 1819 1110 1906 respondere
1134 1820 1340 1905 agnoscimus
1394 1863 1395 1868 κ

246 1928 327 1994 mihi
350 1951 552 2017 nequaquam
576 1929 762 1996 necessario
774 1928 851 1994 inde
872 1928 1001 1994 videtur
1012 1927 1242 2015 colligendum
1258 1951 1339 2011 esse,

245 2038 342 2104 Livio
365 2060 403 2104 ea
422 2039 523 2104 verba
543 2039 689 2106 exaranti
711 2039 893 2124 Polybiana
911 2038 1054 2106 illaante
1078 2039 1190 2104 oculos
1213 2048 1339 2103 versata

247 2169 328 2214 esse.
372 2147 456 2215 Nam
477 2157 513 2214 ut
536 2149 791 2236 praetermittam
812 2150 912 2215 talem
934 2169 1005 2214 esso
1025 2147 1232 2232 sententiam,
1257 2170 1339 2238 quae

246 2267 362 2344 sponte
391 2267 557 2345 tamquam
580 2259 747 2347 utriusque
779 2280 890 2324 rerum
919 2257 1088 2346 scriptoris
1123 2256 1232 2323 animo
1269 2279 1339 2324 sese

245 2367 410 2434 inculcare
433 2366 586 2454 potuerit,
617 2367 690 2433 fieri
713 2367 857 2457 potuisse
888 2367 960 2455 quis
992 2375 1042 2432 est
1074 2365 1129 2453 qui
1161 2376 1276 2450 neget,
1309 2375 1342 2430 ut

247 2477 453 2543 ceommuni
474 2475 643 2563 utriusque
664 2476 755 2558 fonte
778 2476 1033 2542 desumeretur?
1077 2471 1148 2540 Iam
1179 2483 1216 2540 ut
1237 2474 1337 2541 tinem
1396 2467 1397 2530 ῗ

166 2641 169 2648 .
247 2584 278 2651 ei
308 2584 533 2674 disputationis
562 2595 692 2651 nostrae
722 2585 806 2670 parti
849 2586 1063 2674 imponamus,
1095 2582 1229 2650 Livium
1263 2583 1342 2650 mihi

245 2692 391 2782 persuasi
412 2690 446 2758 in
473 2704 620 2760 extremo
643 2694 728 2760 libro
753 2692 914 2780 vigesimo
947 2695 1050 2760 altero
1069 2692 1250 2777 Polybium
1275 2717 1341 2759 om-

246 2801 324 2868 nino
347 2823 414 2868 non
436 2801 554 2869 adiisse
573 2800 630 2869 sed
654 2801 820 2869 annalium
841 2801 1055 2888 scriptoribus
1075 2823 1170 2867 usum
1189 2822 1261 2866 esse
1288 2802 1341 2869 du·

249 2911 350 2977 cibus.
394 2909 460 2977 Sed
493 2933 666 2997 quemnam
696 2934 810 2978 eorum
839 2910 1044 2997 potissimum
1076 2919 1207 2976 secutus
1234 2909 1278 2976 sit
1308 2918 1341 2976 ut

249 3029 339 3086 certa
361 3028 394 3085 et
415 3018 549 3086 indubia
571 3021 695 3086 ratione
718 3019 758 3086 ad
780 3021 939 3108 liquidum
960 3020 1167 3107 perducatur,
1199 3041 1264 3106 ego
1288 3041 1340 3084 ve·

244 3150 329 3196 reor.
372 3128 456 3198 Nam
478 3153 552 3196 oum
574 3130 706 3196 nomina
726 3138 904 3210 auctorum,
929 3129 1045 3216 quihus
1059 3129 1157 3196 fidem
1177 3128 1340 3211 habuerit,

244 3258 312 3304 non
331 3237 454 3321 afferat,
487 3238 575 3326 quod
596 3238 630 3304 in
662 3239 873 3326 sequentibus
893 3237 931 3304 L.
957 3235 1106 3304 Caelium
1127 3236 1340 3325 Antipatrum

244 3347 448 3436 potissimum
469 3347 617 3416 adhibuit
638 3348 749 3414 nescio
774 3371 815 3414 an
838 3370 948 3415 ansam
975 3348 1130 3433 praebeat
1154 3344 1340 3433 suspicandi

246 3477 320 3522 eum
342 3456 437 3525 etiam
466 3457 503 3524 in
525 3457 625 3522 hacce
648 3457 756 3544 operis
779 3457 907 3524 Liviani
939 3467 1032 3546 parte
1062 3455 1186 3524 fontem
1204 3497 1206 3502 -
1221 3455 1339 3544 prima·

245 3573 318 3632 ru'm
339 3565 447 3632 fuisse.
491 3567 596 3649 Quam
618 3567 835 3659 suspicionem
858 3566 1009 3652 adauget,
1041 3565 1127 3653 quod
1149 3565 1338 3631 narratiun-

245 3675 352 3742 culam
383 3676 472 3742 illam
504 3676 545 3742 de
574 3675 761 3744 Maharbale
798 3676 833 3740 in
867 3676 972 3762 eapite
1005 3675 1050 3740 Ll
1085 3674 1288 3762 propositam
1320 3694 1337 3736 e

317 4045 343 4115 l)
361 4062 385 4100 o.
405 4046 456 4101 11e
474 4062 499 4098 v.
519 4045 561 4098 29.
600 4040 708 4098 Behker
725 4059 790 4112 pag.
810 4044 870 4100 296.

317 4147 344 4212 2)
360 4140 432 4197 conf.
450 4140 708 4199 Weissenbornium
726 4141 763 4195 ad
782 4156 846 4194 eum
865 4139 966 4196 locum.
