2834 4608
651 269 721 334 67.

118 458 262 522 scribat:
296 455 463 540 προέθετο
485 450 566 542 χεὶρ,
590 449 675 521 διότι
697 455 757 534 δεῖ,
782 455 1086 539 παρεσκευασμένον
1106 450 1146 519 τὰ
1166 455 1223 520 δυ-

118 564 209 646 νατὰ,
244 566 424 650 συμβαλεῖν
444 561 541 652 ,πρὸς
569 559 673 650 μάχην
698 568 770 643 τοῖς
803 561 1007 642 ὑπεναντίοις
1035 557 1095 628 κᾶν
1121 558 1221 648 μὲνὴ

115 669 198 763 τύχη
221 676 274 763 δῷ
294 670 333 742 τδ
357 677 454 754 νικᾶν,
474 668 718 758 βουλεύσασθαι
749 670 830 756 μετὰ
848 675 950 740 ταῦτα
965 672 1044 758 περὶ
1062 677 1127 740 τῶν
1148 671 1224 760 ἑξῆς

116 775 293 874 demulsis.
323 777 415 851 ι’ίνδ
444 775 625 870 ἀντιπίπτῃ
654 777 696 849 τὰ
722 777 804 848 κατὰ
825 776 942 870 μάχην,
967 788 1142 851 ποιεῖσθαι
1164 777 1223 869 τὴν

116 885 338 980 ἀποχώρησιν
359 887 442 977 μετα
465 894 533 958 τῶν
552 890 801 976 διασωζομένων
822 890 859 974 ἕξ
876 883 977 979 αὐτῆς
998 889 1045 972 εἷς
1064 891 1223 959 Ιαλατίυν

116 995 284 1094 κᾷτεῖδεν
301 995 532 1086 παραλαβόντα
542 1002 608 1066 τῶν
627 994 801 1085 βαρβάρων
819 987 864 1079 ’ὦς
878 999 1064 1086 πλείστοις,
1084 1004 1225 1088 βοηθεῖν

116 1109 166 1192 εἰς
176 1104 326 1190 Ἰταλίαν,
338 1109 393 1202 καὶ
403 1102 700 1202 κσινωνεῖνᾍννίβη
711 1100 866 1198 τσῖδεληιῷ
877 1113 943 1176 τῶν
954 1104 1060 1176 αὐτῶν
1070 1110 1224 1196 ἐλπίδων,

116 1221 238 1288 Livius
262 1221 407 1288 breviter
429 1219 473 1286 ita
493 1219 646 1288 exbibet:
676 1219 864 1286 Hasdrubal
897 1241 969 1286 cum
998 1220 1140 1287 hostium
1169 1241 1223 1286 res
1341 1249 1346 1266 ν

114 1319 222 1398 tantis
261 1351 439 1418 augescere
472 1328 682 1397 incrementis
714 1336 875 1411 cerneret,
905 1352 979 1394 suas
1007 1328 1164 1412 imminui,
1185 1353 1223 1396 ac
1263 1377 1264 1384 .

118 1443 195 1508 fore
218 1450 275 1524 ut,
308 1439 371 1507 nisi
402 1437 552 1530 audendo
584 1438 708 1525 aliquid
740 1449 898 1523 mereret,
935 1460 998 1524 qua
1026 1438 1222 1526 coepissent,

117 1550 279 1633 fluerent,
297 1547 452 1616 dimicare
474 1546 723 1634 quamprimum
738 1547 857 1613 statuit.
878 1547 973 1618 Unus
989 1545 1101 1613 Livius
1113 1545 1221 1613 addit:

118 1657 315 1748 Scipionem
336 1655 514 1722 avidiorem
544 1654 643 1721 etiam
665 1675 797 1744 pugnae
822 1656 932 1723 fuisse.
980 1655 1072 1738 Quae
1094 1654 1156 1721 iam
1180 1657 1221 1722 de

118 1767 295 1854 copiarum
315 1787 454 1832 numero
476 1763 573 1832 sociis
594 1764 763 1832 navalibus
782 1763 1054 1832 adaucto‘Livius
1077 1765 1221 1852 exponit,

120 1875 289 1963 Polybius
311 1875 375 1940 iam
398 1897 496 1966 supra
516 1884 687 1961 postquam
709 1875 890 1942 orationem
910 1875 951 1940 ab
971 1873 1145 1940 Edescone
1164 1874 1219 1939 ha-

121 1984 226 2053 bitam
252 1983 425 2068 enarravit,
447 1982 623 2050 memoriae
645 1982 798 2071 prodidit.
836 1983 876 2050 In
898 1983 1080 2050 enarrando
1101 1983 1220 2050 itinere

123 2093 294 2184 Scipionis
328 2116 413 2162 unus
444 2091 557 2159 Livius
589 2101 731 2177 annotat,
763 2115 967 2181 nequaquam
987 2102 1024 2161 ut
1044 2094 1218 2160 barbarum

120 2204 247 2272 stolide
271 2203 441 2270 incautere
464 2222 538 2268 cum
566 2200 701 2296 dixisse.
744 2201 859 2289 Itaque
886 2225 959 2269 cum
983 2203 1128 2269 breviter
1151 2211 1219 2270 tan-
1273 2246 1275 2251 -

121 2325 193 2382 tum
217 2313 377 2401 Polybius
398 2313 577 2381 orationem
609 2312 679 2380 eius
711 2314 921 2403 perstringat,
952 2313 1066 2380 Livius
1099 2316 1219 2382 multus

14 2471 22 2484 ·
121 2437 173 2492 est
196 2428 231 2492 in
254 2449 292 2494 ea
314 2425 519 2515 exponenda.
572 2424 627 2492 Ad
657 2425 759 2490 verba
780 2423 928 2491 attendas
952 2423 1096 2490 animum
1117 2424 1217 2510 Poly-

118 2535 222 2603 biana
234 2536 280 2620 1),
301 2535 356 2600 ναὶ
377 2534 482 2602 πλείω
505 2531 592 2620 πρὸς
606 2536 704 2601 τοῦτο
725 2530 764 2600 τὸ
783 2533 883 2618 μέρος
903 2525 1011 2599 αὐτῶν
1033 2532 1221 2614 διαλεχθέν-

120 2669 200 2711 των.
246 2645 369 2712 Contra
401 2644 435 2710 in
468 2665 626 2732 responso
657 2641 819 2730 Scipionis
849 2643 1025 2709 referendo
1059 2642 1221 2732 copiosior

121 2755 222 2821 Livio
243 2761 294 2819 cst
309 2753 459 2822 Graecus
480 2773 588 2818 rerum
612 2751 760 2840 scriptor.
808 2751 986 2818 Praeterea
1006 2773 1091 2816 unns
1114 2760 1221 2816 namet

123 2861 304 2929 Indibilem
329 2871 363 2926 et
386 2869 512 2927 ceteros
541 2857 771 2925 adorabundce
792 2857 979 2946 Scipionem
998 2859 1221 2948 procubuisse,

126 2983 161 3038 et
175 2992 292 3057 regem
312 2991 387 3036 eum
409 2969 575 3036 salutasse.
609 2968 693 3036 Cum
714 2977 831 3057 pergat
852 2953 1113 3055 in'sequentibus
1134 2975 1220 3032 uter·

125 3103 191 3168 qne
214 3079 256 3148 ad
278 3078 438 3168 proelium
472 3077 558 3145 inter
586 3077 778 3174 Scipionem
802 3077 1108 3164 Hasdrubalemque
1135 3087 1241 3142 coms

125 3190 261 3258 missum
289 3188 540 3256 describendum
560 3188 743 3256 accuratius
763 3187 923 3274 Polybius
946 3186 986 3256 de
1008 3188 1144 3278 regione
1165 3189 1222 3254 illa

51 3329 65 3339 -
125 3322 187 3366 nos
210 3299 326 3365 edocet
348 3297 481 3366 dicens:
517 3297 551 3364 ἐν
580 3301 652 3375 τοῖς
673 3296 975 3380 aucmentatum
1003 3291 1122 3375 τόποις
1142 3296 1221 3382 περὶ

127 3403 273 3472 Βαίκυλα
292 3399 390 3471 πόλιν
412 3396 451 3472 ori
479 3399 608 3490 μακρδν
630 3407 696 3468 τῶν
723 3395 900 3489 ἀργυρείων
921 3396 1097 3487 μετάλλων.
1150 3403 1221 3468 Iam

126 3535 207 3580 vero
238 3513 371 3598 gravior
402 3535 440 3578 ea
469 3512 555 3578 inter
579 3521 753 3596 utrumque
786 3511 964 3578 intercedit
993 3509 1220 3600 discrepantia,

128 3623 216 3712 quod
230 3621 378 3690 Graecus
400 3621 513 3692 auctor
533 3621 770 3690 Hasdrubalem
788 3630 924 3687 testatur
946 3620 986 3686 de
1000 3621 1220 3690 Romanorum

127 3733 270 3800 adventu
302 3730 475 3798 certiorem
506 3733 627 3798 factum
663 3730 763 3796 alium
797 3731 912 3797 castris
945 3731 1053 3796 locum
1084 3730 1220 3818 cepisse,

128 3851 242 3910 contra
273 3840 386 3907 Livius
417 3861 490 3906 eum
521 3861 624 3928 prope
657 3840 773 3906 urbem
806 3840 980 3906 Baeculam
1009 3863 1027 3904 a
1053 3837 1218 3928 Scipionis

128 3949 281 4018 velitibus
303 3947 591 4036 antesignanisque
615 3946 855 4036 deprehensum
879 3969 950 4016 esse
976 3957 1094 4016 narrat.
1133 3947 1218 4014 Tum

129 4085 331 4102 m·-

230 4187 256 4258 l)
276 4202 300 4242 o.
318 4183 467 4242 xxxvtn.
532 4221 537 4232 .
