2834 4608
738 197 781 262 42

211 378 361 465 iungunt.
401 381 470 464 Qui
498 380 562 448 duo
594 380 685 446 milia
708 380 882 450 Gallorum
914 381 948 446 in
973 391 1039 450 tres
1058 393 1172 472 partes
1199 384 1301 452 divisa

210 509 271 576 per
308 490 422 555 urbem
468 489 599 555 dimittit
643 489 779 556 ducibus
812 490 1065 560 Tarentinorum
1108 493 1294 584 coniuratis,

210 619 252 664 ne
272 598 325 664 oui
348 598 466 664 civium
486 598 534 664 vis
562 597 730 665 inferatur.
776 598 844 666 Iam
864 622 941 666 vero
963 601 1001 668 O.
1027 602 1139 668 Livius
1169 604 1300 690 cognite

209 707 351 773 hostium
386 706 528 773 adventu
559 707 655 772 domo
689 708 859 774 confestim
889 733 964 776 cum
996 711 1126 777 famulis
1148 734 1301 798 egressus

211 827 337 903 portam
371 818 470 906 petit,
511 838 574 902 qua
612 816 677 882 itur
712 817 753 882 ad
787 828 926 904 portum.
980 819 1065 886 Tum
1099 821 1220 910 scapha
1253 845 1302 886 ar-

209 937 304 1016 repta
333 927 417 993 olam
452 926 492 992 ad
522 947 631 992 arcem
663 925 811 994 defertur
865 929 1054 997 Secundum
1075 931 1157 997 haee
1189 931 1301 999 Phile-

141 1093 144 1102 .
210 1058 323 1102 menus
348 1058 365 1101 e
387 1035 515 1100 theatro
546 1034 630 1100 tubis
663 1033 817 1103 Romanis
836 1048 952 1126 *certos
977 1039 1137 1122 homines,
1166 1040 1224 1127 qui
1247 1063 1304 1107 cas

209 1148 323 1214 inflare
350 1146 534 1213 didicerunt
555 1147 684 1233 signum
705 1147 783 1212 dare
805 1147 905 1215 iubet.
938 1149 1013 1232 Quo
1035 1149 1120 1216 facto
1143 1172 1217 1215 eum
1240 1149 1304 1216 Ro-

209 1258 295 1324 mani
320 1258 421 1326 auxili
440 1258 569 1324 ferendi
596 1281 692 1324 causa
712 1259 827 1324 armati
855 1280 963 1325 arcem
984 1281 1099 1326 versus
1120 1269 1305 1342 accurrant,

207 1390 268 1456 per
300 1369 425 1455 plateas
454 1368 573 1456 passim
614 1367 853 1453 inordinatique
886 1369 1096 1437 advenientes
1128 1369 1250 1457 partim
1284 1394 1302 1434 a

209 1477 333 1544 Poenis
357 1476 475 1565 partim
500 1500 518 1541 a
541 1477 646 1544 Gallis
670 1477 873 1544 occiduntur.
921 1478 1058 1544 Postero
1080 1477 1134 1546 die
1149 1479 1304 1564 evolgato

210 1586 396 1652 Poenorum
409 1585 552 1652 adventu
564 1585 731 1654 Hannibal
749 1588 925 1674 praeconio
949 1587 1059 1673 edicit,
1083 1598 1119 1655 ut
1133 1585 1305 1661 Tarentini

210 1716 324 1760 omnes
358 1695 428 1760 sine
458 1695 557 1760 armis
589 1695 624 1760 in
656 1696 765 1762 forum
794 1697 1000 1764 conveniant.
1053 1697 1121 1764 Eos
1155 1697 1304 1783 benigne
1396 1767 1397 1792 p

209 1803 370 1871 allocutus
398 1804 590 1871 concionem
620 1806 753 1872 dimittit
783 1806 879 1872 simul
909 1806 1133 1894 praecipiens,
1163 1805 1304 1877 redeant
1396 1793 1397 1840 ³

210 1912 343 1979 domum
365 1913 503 2001 quisque
526 1937 615 1979 suam
640 1925 673 1980 et
705 1915 830 1980 foribus
862 1914 1057 1980 inscribant:
1093 1915 1305 1997 Ταραντίνου.

209 2021 293 2088 Tum
315 2022 410 2110 signo
435 2023 510 2089 dato
532 2022 575 2089 ad
602 2023 785 2113 diripienda
811 2024 955 2113 hospitia
974 2025 1118 2100 Romana
1146 2023 1302 2092 discurri·
1396 2081 1397 2110 .

100 2185 105 2196 .
208 2141 269 2198 tur.
295 2171 333 2180 -
355 2133 421 2199 Dic
442 2133 628 2219 insequenti
649 2133 816 2200 Hannibal
838 2156 930 2200 muro
950 2135 1064 2200 urbem
1078 2135 1118 2200 ab
1139 2155 1217 2200 aree
1238 2143 1304 2202 sta-

209 2241 270 2308 tuit
300 2242 513 2331 intersepire,
544 2266 587 2309 ne
620 2242 699 2329 quid
730 2243 885 2330 deinceps
916 2243 1086 2310 Tarentini
1113 2244 1304 2312 aRomano

210 2350 391 2440 praesidio,
417 2351 504 2438 quod
529 2375 636 2440 arcem
664 2354 812 2437 tenebat,
832 2352 1009 2419 timendum
1038 2352 1188 2419 habeant.
1235 2351 1306 2420 scd

209 2469 248 2527 ut
279 2461 419 2548 primum
456 2460 519 2526 iaci
551 2461 672 2528 vallum
706 2461 812 2549 coepit
849 2461 1010 2550 patefacta
1040 2471 1177 2550 repente
1208 2471 1306 2550 porta

211 2571 367 2658 impetum
392 2570 529 2638 Romani
561 2592 602 2638 ex
625 2572 755 2638 arcein
776 2558 961 2636 munientes
990 2571 1125 2637 faciunt.
1181 2569 1251 2639 Sed
1271 2572 1306 2637 vi

209 2681 344 2746 tandem
374 2681 476 2746 eoacti
507 2690 601 2767 terga
622 2691 764 2746 vertunt.
817 2680 900 2747 Indo
923 2681 1015 2748 nullo
1038 2681 1102 2746 iam
1125 2703 1208 2770 opus
1229 2704 1306 2770 pro·

209 2788 342 2856 bibente
374 2790 461 2854 vallo
495 2789 650 2877 oppidum
675 2791 908 2877 praemunitur.
952 2790 1037 2857 Tum
1065 2790 1232 2858 Hannibal
1254 2815 1305 2858 re·

208 2897 287 2964 licto
316 2897 480 2985 praesidio
512 2897 641 2980 idoneo,
673 2898 714 2964 ad
744 2899 867 2964 flumen
888 2899 1080 2982 Galaesum,
1101 2899 1189 2985 quod
1213 2899 1307 2985 quin-

212 3028 275 3094 que
298 2993 390 3072 milia
410 3008 449 3072 ab
473 3007 553 3072 urbe
575 3008 675 3091 abest,
704 3007 932 3096 proficiscitur.
974 3007 1139 3080 Reversus
1163 3007 1306 3074 indeed

210 3139 291 3203 opus
322 3115 581 3202 inspiciendum,
611 3139 684 3182 oum
714 3117 852 3182 celerius
884 3117 1069 3206 perfectum
1091 3138 1164 3183 esse
1192 3117 1305 3186 videat

211 3225 253 3291 de
290 3224 511 3314 expugnanda
550 3211 625 3292 arce
657 3227 721 3290 iam
752 3225 881 3310 cogitat.
944 3224 1012 3296 Sed
1036 3224 1173 3292 Romani
1207 3237 1306 3294 nocte

211 3335 336 3424 impetu
356 3334 391 3402 in
413 3357 512 3421 opera
534 3337 618 3400 facto
643 3335 752 3401 omnia
775 3355 858 3422 quae
884 3334 925 3399 ad
950 3335 1228 3424 oppugnationem
1258 3336 1307 3401 in·

210 3453 333 3512 structa
372 3445 471 3510 habet
502 3454 724 3532 corrumpunt.
790 3443 901 3527 Quare
932 3445 1111 3533 desperans
1144 3468 1206 3533 per
1237 3447 1306 3512 vim

209 3575 307 3644 posse
331 3554 521 3641 expugnari·
536 3574 662 3635 arcem,
691 3553 814 3619 amari
842 3575 913 3618 eam
944 3553 1111 3620 constituit
1135 3555 1302 3630 Hannibal

209 3663 434 3731 intercludere
457 3673 489 3728 ot
518 3664 705 3729 convocatis
728 3663 913 3730 Tarentinis
937 3663 1110 3728 eonsilium
1133 3687 1227 3730 suum
1248 3687 1305 3732 ex-

209 3773 313 3862 ponit.
350 3774 477 3856 Quibus
499 3773 692 3838 sententiam
716 3773 784 3838 eius
808 3796 905 3859 quam
927 3771 1137 3861 cupidissime
1158 3775 1300 3863 amplec-

210 3883 363 3966 tentibus,
380 3867 477 3948 naves
497 3905 557 3970 per
579 3882 703 3948 siceum
722 3892 847 3968 eportu
870 3883 1124 3948 transvehuntur
1144 3882 1180 3950 in
1201 3907 1305 3968 mare,

211 4001 339 4060 etanta
362 4013 397 4058 os
415 3991 523 4079 ipsum
545 4001 658 4080 portus
681 4014 817 4058 ancoras
840 3992 972 4060 iaciunt.

309 4100 389 4168 Eius
409 4100 587 4187 fragmenti
608 4101 735 4168 initium
757 4125 830 4168 cum
849 4101 887 4173 iu
910 4102 1034 4170 medias
1056 4123 1110 4168 res
1132 4123 1193 4172 nos
1217 4105 1302 4172 abri-
