2834 4608
772 270 813 336 36

253 463 425 540 antequam
450 457 491 521 de
513 477 607 521 muro
629 455 717 521 cavis
737 456 901 543 perierato
922 453 1116 542 exponeret,
1137 454 1178 520 de
1199 452 1345 519 Marcelli

250 557 387 653 impetu*
405 565 508 632 noctis
537 564 667 631 silentio
691 566 777 630 facto
800 562 948 646 tradidit,
971 566 1102 630 omnino
1125 565 1346 650 neglegenter

249 674 453 761 praeteriret.
497 674 622 740 Eadem
647 683 696 739 est
726 697 836 757 causa,
867 684 903 738 ut
924 674 1019 739 aliam
1048 673 1135 739 inter
1167 682 1345 757 utrumqne

251 784 444 869 scriptorem
474 782 641 849 videamus
673 782 879 848 intercedere
909 783 1171 871 discrepantiam.
1229 781 1345 846 Livius

250 894 339 958 enim
357 903 531 980 propterea
543 915 672 958 murum
684 891 771 959 cavis
782 893 984 980 perforatum
996 913 1069 958 esse
1081 889 1167 970 dicit,
1189 899 1226 955 ut
1238 889 1340 976 Syra·

247 1000 357 1066 cusani
384 1001 444 1065 tuti
457 1009 566 1066 essent
578 1001 618 1065 ab
629 1000 771 1066 hostium
786 999 873 1082 telis,
896 1008 1008 1063 contra
1021 997 1180 1083 Polybius
1201 1017 1241 1062 co
1265 1019 1342 1062 con·

248 1109 319 1174 silio
351 1109 438 1174 hunc
465 1117 653 1196 apparatum
675 1131 693 1172 a
716 1107 875 1172 Marcello
898 1115 1140 1196 praestructum
1164 1127 1238 1172 csse
1261 1105 1342 1186 volt,

246 1228 283 1284 nt
306 1218 402 1284 etiam
425 1239 483 1284 eae
502 1239 612 1301 nares,
635 1239 718 1302 quac
740 1216 912 1282 interiores
928 1226 1036 1282 essent
1057 1215 1175 1282 ictibus
1197 1225 1342 1280 tormen·

136 1356 141 1362 ·
245 1339 371 1410 torum,
395 1350 413 1393 e
436 1327 618 1415 propinquo
646 1328 713 1414 peti
742 1335 884 1415 possent.
934 1326 1097 1410 Quoniam
1125 1346 1206 1389 vero
1229 1346 1344 1412 super·

247 1436 333 1502 sedit
364 1435 478 1501 Livius
511 1437 551 1502 de
585 1447 744 1503 nocturno
778 1435 927 1504 Marcelli
946 1436 1070 1522 impetu
1093 1455 1261 1527 enarrape,
1282 1433 1344 1499 iam

247 1551 379 1608 coactus
403 1553 452 1608 est
472 1543 567 1608 aliam
592 1545 719 1629 fingere
743 1552 885 1624 causam,
916 1565 973 1608 our
1006 1542 1093 1608 cavis
1119 1541 1343 1608 Archimedes

245 1671 373 1716 murum
396 1647 569 1738 aperuerit.
612 1648 712 1730 Quod
744 1671 823 1714 vero
846 1647 958 1714 Livius
987 1669 1116 1713 murum
1142 1650 1183 1715 ab
1209 1649 1279 1715 imo
1305 1649 1343 1714 ad

247 1781 408 1823 summum
436 1757 523 1823 cavis
545 1755 738 1822 instructum
769 1777 840 1823 csse
865 1756 944 1821 dicit
964 1756 1168 1838 cubitalibus,
1188 1758 1341 1823 luculen-

244 1867 405 1934 tissimum
429 1866 660 1953 neglegentiae
678 1865 746 1932 eius
768 1877 864 1953 atque
885 1865 1029 1931 incuriae
1051 1865 1207 1932 habemus
1227 1890 1338 1934 exem·

245 1975 345 2061 plum.
386 1974 437 2040 Ne
463 1974 535 2060 quis
556 1974 652 2054 enim,
685 1998 759 2041 cum
782 1973 941 2058 Polybius
963 1974 1094 2039 habeat:
1117 1973 1199 2059 ,dccc
1220 1967 1337 2064 ἀνδρο-

242 2077 373 2169 μήκους
395 2078 503 2169 ὕψους
531 2079 759 2151 mandaveras
787 2077 929 2168 τρήμασι
954 2076 992 2146 τὸ
1023 2085 1128 2164 τεῖχος
1150 2077 1196 2162 ὣς
1222 2087 1341 2150 παλαι-

244 2191 382 2271 nesciola
407 2187 446 2258 τὸ
478 2191 621 2277 μέγεθος
651 2187 732 2257 κατὰ
761 2186 820 2277 τὴν
849 2184 941 2267 ἐκτὸς
963 2184 1176 2278 ε’πιφάνειαν“
1206 2191 1339 2258 Livium

195 2363 198 2370 .
243 2301 342 2366 alium
365 2303 486 2366 fontem
516 2299 634 2366 adiisse
656 2299 831 2382 existimet,
854 2298 909 2386 qui
928 2297 1000 2362 fieri
1022 2297 1176 2386 potuerit,
1197 2299 1334 2364 omnino

172 2421 175 2432 '
205 2493 207 2498 Ι
242 2431 306 2476 non
329 2432 496 2495 assequor,
517 2418 554 2474 ut
574 2410 724 2474 omnibns
747 2409 812 2474 illis
827 2407 913 2473 cavis
937 2406 1128 2472 defensores
1150 2417 1334 2490 uterentur,

246 2518 307 2584 nisi
327 2519 412 2584 forte
435 2519 521 2583 intra
549 2517 677 2583 moenia
704 2517 830 2582 tabulas
857 2517 1004 2601 singulas
1034 2527 1125 2582 mu'ro
1147 2517 1335 2584 adhaesisse
1391 2549 1392 2567 .

243 2627 361 2708 credis,
383 2627 498 2715 quibus
520 2627 704 2691 insistentes
722 2625 920 2712 Syracusani
942 2646 1000 2712 per
1023 2648 1103 2690 nava
1125 2626 1254 2692 hostem
1279 2647 1332 2714 pe·

241 2745 360 2802 terent.
404 2735 509 2802 Porro
544 2760 636 2802 muro
669 2735 756 2803 cavis
788 2735 981 2801 cubitalibus
1012 2733 1189 2822 perforato,
1224 2755 1334 2801 nonne

244 2844 392 2911 omnibus
407 2846 549 2912 hostium
561 2847 636 2912 telis
657 2846 846 2914 defensores
867 2845 984 2912 obiecti
1007 2856 1107 2929 erant,
1123 2867 1206 2932 quae
1228 2857 1267 2912 ut
1288 2847 1335 2910 vi-

240 2963 348 3018 tarent
370 2964 560 3043 apparatum
588 2955 680 3020 illum
704 2959 744 3022 ab
769 2956 968 3022 Archimede
992 2964 1234 3044 praestructum
1263 2977 1332 3022 esse

238 3061 351 3127 Livius
372 3061 542 3128 affirmati?
566 3063 673 3130 Etiam
699 3065 734 3130 in
763 3064 975 3150 sequentibus
997 3063 1084 3136 haud
1117 3088 1190 3130 rara
1218 3074 1332 3130 extant
1389 3113 1390 3131 .

239 3170 378 3255 vestigia
397 3194 511 3258 parum
533 3183 681 3239 accurate
697 3173 827 3239 Livium
845 3172 1066 3259 Polybianum
1090 3173 1260 3260 exemplar
1282 3196 1333 3240 ex·

240 3279 409 3364 pressisse.
470 3280 522 3346 Ita
554 3302 636 3366 quae
670 3280 820 3349 Graecus
853 3303 964 3347 rerum
995 3282 1132 3368 scriptor
1167 3281 1209 3348 de
1244 3282 1333 3348 tolle-
1388 3299 1389 3310 ²

238 3387 378 3454 nonibus
403 3390 555 3475 exposuit
576 3413 655 3456 saxa
677 3390 854 3477 graviaque
878 3391 1001 3478 plumbi
1023 3391 1170 3479 pondera
1191 3391 1227 3456 in
1252 3405 1330 3456 sam·

237 3497 353 3562 bucam
375 3497 618 3565 demittentibns
642 3499 807 3566 Romanus
837 3500 968 3567 omnino
1002 3500 1229 3588 praetermisit.
1279 3502 1327 3566 Ac
1387 3535 1388 3588 3

239 3627 281 3670 ne
296 3627 408 3672 manus
427 3607 560 3694 quidem
572 3608 700 3674 ferreae
716 3630 809 3674 usum
824 3631 897 3674 eum
910 3619 998 3674 recte
1014 3608 1229 3693 intellexisse,
1251 3610 1326 3676 inde

236 3714 314 3780 licet
338 3716 611 3802 conicere,-quod
637 3719 744 3783 ierrea
773 3717 880 3803 inquit
900 3723 1032 3801 manus,
1055 3717 1168 3784 firmae
1192 3729 1326 3784 catenae
1386 3781 1387 3794 ,

233 3821 388 3906 inligata,
418 3847 491 3889 cum
522 3823 641 3890 iniecta
670 3849 788 3915 prorae
813 3837 907 3907 esset,
942 3827 1099 3913 gravique
1132 3828 1325 3894 libramento

231 3919 362 4019 'plumbi
395 3933 568 3999 recelleret
604 3935 646 4000 ad
680 3936 785 4000 solum
810 3947 842 4002 et
873 3959 955 4023 quae
988 3946 1150 4002 secuntur.
1198 3935 1323 4002 Etenim

235 4063 301 4105 non
323 4040 426 4128 ipsam
454 4065 582 4107 manum
614 4043 756 4110 ferream
785 4045 827 4110 ad
856 4046 961 4111 solum
990 4045 1148 4112 recellere
1182 4045 1323 4132 potuisse
1385 4029 1386 4060 ¹

1373 4279 1385 4577 l

234 4161 387 4240 apparet,-
407 4141 477 4217 ¹sed
508 4154 685 4252 tollenonis
713 4156 849 4241 calcem,
883 4177 965 4242 quae
987 4157 1074 4222 intra
1094 4177 1223 4222 murum
1246 4163 1321 4220 erat.
