<?xml version="1.0" encoding="UTF-8"?>
<!DOCTYPE html PUBLIC "-//W3C//DTD XHTML 1.0 Transitional//EN"
    "http://www.w3.org/TR/xhtml1/DTD/xhtml1-transitional.dtd">
<html xmlns="http://www.w3.org/1999/xhtml" xml:lang="en" lang="en">
 <head>
  <title>
</title>
<meta http-equiv="Content-Type" content="text/html;charset=utf-8" />
  <meta name='ocr-system' content='tesseract 3.04.00' />
  <meta name='ocr-capabilities' content='ocr_page ocr_carea ocr_par ocr_line ocrx_word'/>
</head>
<body>
  <div class='ocr_page' id='page_1' title='image "./liviusetpolybiu01friegoog_0092.png"; bbox 0 0 2834 4608; ppageno 0'>
   <div class='ocr_carea' id='block_1_1' title="bbox 768 219 808 287">
    <p class='ocr_par' dir='ltr' id='par_1_1' title="bbox 768 219 808 287">
     <span class='ocr_line' id='line_1_1' title="bbox 768 219 808 287; baseline -0.025 0"><span class='ocrx_word' id='word_1_1' title='bbox 768 219 808 287; x_wconf 87' lang='grc'><strong>14</strong></span> 
     </span>
    </p>
   </div>
   <div class='ocr_carea' id='block_1_2' title="bbox 198 402 1318 713">
    <p class='ocr_par' dir='ltr' id='par_1_2' title="bbox 198 402 1318 713">
     <span class='ocr_line' id='line_1_2' title="bbox 219 402 1318 497; baseline 0 -27"><span class='ocrx_word' id='word_1_2' title='bbox 219 413 291 470; x_wconf 85' lang='lat' dir='ltr'><strong>orta</strong></span> <span class='ocrx_word' id='word_1_3' title='bbox 313 414 344 472; x_wconf 84' lang='lat' dir='ltr'><strong>et</strong></span> <span class='ocrx_word' id='word_1_4' title='bbox 363 405 398 471; x_wconf 91' lang='lat' dir='ltr'><strong>in</strong></span> <span class='ocrx_word' id='word_1_5' title='bbox 420 407 616 497; x_wconf 75' lang='lat' dir='ltr'><strong>exponendp</strong></span> <span class='ocrx_word' id='word_1_6' title='bbox 638 405 779 480; x_wconf 86' lang='lat' dir='ltr'><strong>ratione,</strong></span> <span class='ocrx_word' id='word_1_7' title='bbox 803 418 865 491; x_wconf 84' lang='lat' dir='ltr'><strong>qua</strong></span> <span class='ocrx_word' id='word_1_8' title='bbox 877 404 1045 472; x_wconf 88' lang='lat' dir='ltr'><strong>Hannibal</strong></span> <span class='ocrx_word' id='word_1_9' title='bbox 1068 403 1174 494; x_wconf 83' lang='lat' dir='ltr'><strong>magis</strong></span> <span class='ocrx_word' id='word_1_10' title='bbox 1195 402 1318 492; x_wconf 79' lang='lat' dir='ltr'><strong>magis·</strong></span> 
     </span>
     <span class='ocr_line' id='line_1_3' title="bbox 198 513 1317 624; baseline 0.001 -46"><span class='ocrx_word' id='word_1_11' title='bbox 198 534 282 624; x_wconf 72' lang='lat' dir='ltr'><strong>vque</strong></span> <span class='ocrx_word' id='word_1_12' title='bbox 302 515 416 601; x_wconf 89' lang='lat' dir='ltr'><strong>opibus</strong></span> <span class='ocrx_word' id='word_1_13' title='bbox 428 515 613 599; x_wconf 85' lang='lat' dir='ltr'><strong>invaluerit,</strong></span> <span class='ocrx_word' id='word_1_14' title='bbox 638 514 720 578; x_wconf 87' lang='lat' dir='ltr'>nihil</span> <span class='ocrx_word' id='word_1_15' title='bbox 739 514 869 598; x_wconf 90' lang='lat' dir='ltr'><strong>habeat,</strong></span> <span class='ocrx_word' id='word_1_16' title='bbox 891 515 979 602; x_wconf 87' lang='lat' dir='ltr'><strong>quod</strong></span> <span class='ocrx_word' id='word_1_17' title='bbox 1001 537 1067 582; x_wconf 93' lang='lat' dir='ltr'><strong>non</strong></span> <span class='ocrx_word' id='word_1_18' title='bbox 1089 537 1161 580; x_wconf 91' lang='lat' dir='ltr'><strong>eum</strong></span> <span class='ocrx_word' id='word_1_19' title='bbox 1175 513 1317 580; x_wconf 84' lang='lat' dir='ltr'><strong>Liviana</strong></span> 
     </span>
     <span class='ocr_line' id='line_1_4' title="bbox 216 623 600 713; baseline 0.008 -26"><span class='ocrx_word' id='word_1_20' title='bbox 216 623 403 690; x_wconf 80' lang='lat' dir='ltr'><strong>narratione</strong></span> <span class='ocrx_word' id='word_1_21' title='bbox 425 623 600 713; x_wconf 73' lang='lat' dir='ltr'><strong>conspiret.</strong></span> 
     </span>
    </p>
   </div>
   <div class='ocr_carea' id='block_1_3' title="bbox 604 987 912 1106">
    <p class='ocr_par' dir='ltr' id='par_1_3' title="bbox 604 987 912 1106">
     <span class='ocr_line' id='line_1_5' title="bbox 604 987 912 1106; baseline 0.019 -48"><span class='ocrx_word' id='word_1_22' title='bbox 604 987 733 1060; x_wconf 84' lang='lat' dir='ltr'><strong>Liber</strong></span> <span class='ocrx_word' id='word_1_23' title='bbox 757 989 912 1106; x_wconf 83' lang='lat' dir='ltr'>XXIII.</span> 
     </span>
    </p>
   </div>
   <div class='ocr_carea' id='block_1_4' title="bbox 213 1189 1315 2917">
    <p class='ocr_par' dir='ltr' id='par_1_4' title="bbox 213 1189 1315 2917">
     <span class='ocr_line' id='line_1_6' title="bbox 263 1189 1315 1284; baseline -0.003 -25"><span class='ocrx_word' id='word_1_24' title='bbox 263 1219 266 1226; x_wconf 92' lang='grc'>·</span> <span class='ocrx_word' id='word_1_25' title='bbox 315 1193 357 1259; x_wconf 91' lang='lat' dir='ltr'><strong>In</strong></span> <span class='ocrx_word' id='word_1_26' title='bbox 377 1191 518 1279; x_wconf 85' lang='lat' dir='ltr'><strong>proximi</strong></span> <span class='ocrx_word' id='word_1_27' title='bbox 549 1191 624 1258; x_wconf 87' lang='lat' dir='ltr'><strong>libri</strong></span> <span class='ocrx_word' id='word_1_28' title='bbox 656 1192 747 1258; x_wconf 91' lang='lat' dir='ltr'><strong>initio</strong></span> <span class='ocrx_word' id='word_1_29' title='bbox 768 1192 881 1260; x_wconf 87' lang='lat' dir='ltr'><strong>Livius</strong></span> <span class='ocrx_word' id='word_1_30' title='bbox 903 1191 1121 1259; x_wconf 88' lang='lat' dir='ltr'><strong>Hannibalem</strong></span> <span class='ocrx_word' id='word_1_31' title='bbox 1143 1197 1258 1284; x_wconf 77' lang='lat' dir='ltr'><strong>narrat</strong></span> <span class='ocrx_word' id='word_1_32' title='bbox 1279 1189 1315 1256; x_wconf 86' lang='lat' dir='ltr'><strong>in</strong></span> 
     </span>
     <span class='ocr_line' id='line_1_7' title="bbox 218 1299 1314 1390; baseline -0.005 -22"><span class='ocrx_word' id='word_1_33' title='bbox 218 1299 429 1390; x_wconf 79' lang='lat' dir='ltr'><strong>Campaniam</strong></span> <span class='ocrx_word' id='word_1_34' title='bbox 458 1301 642 1389; x_wconf 78' lang='lat' dir='ltr'><strong>profectum</strong></span> <span class='ocrx_word' id='word_1_35' title='bbox 676 1301 819 1390; x_wconf 82' lang='lat' dir='ltr'><strong>Compsa</strong></span> <span class='ocrx_word' id='word_1_36' title='bbox 848 1303 930 1368; x_wconf 91' lang='lat' dir='ltr'><strong>urbe</strong></span> <span class='ocrx_word' id='word_1_37' title='bbox 963 1300 1102 1390; x_wconf 88' lang='lat' dir='ltr'><strong>potitum</strong></span> <span class='ocrx_word' id='word_1_38' title='bbox 1125 1321 1206 1384; x_wconf 80' lang='lat' dir='ltr'><strong>esse,</strong></span> <span class='ocrx_word' id='word_1_39' title='bbox 1242 1309 1314 1364; x_wconf 87' lang='lat' dir='ltr'><strong>tum</strong></span> 
     </span>
     <span class='ocr_line' id='line_1_8' title="bbox 215 1409 1314 1500; baseline -0.001 -26"><span class='ocrx_word' id='word_1_40' title='bbox 215 1432 295 1477; x_wconf 88' lang='lat' dir='ltr'><strong>vero</strong></span> <span class='ocrx_word' id='word_1_41' title='bbox 324 1411 365 1474; x_wconf 92' lang='lat' dir='ltr'><strong>de</strong></span> <span class='ocrx_word' id='word_1_42' title='bbox 394 1409 533 1496; x_wconf 82' lang='lat' dir='ltr'><strong>Neapoli</strong></span> <span class='ocrx_word' id='word_1_43' title='bbox 565 1411 787 1500; x_wconf 85' lang='lat' dir='ltr'><strong>expugnanda</strong></span> <span class='ocrx_word' id='word_1_44' title='bbox 819 1411 1046 1500; x_wconf 74' lang='lat' dir='ltr'><strong>desperantem</strong></span> <span class='ocrx_word' id='word_1_45' title='bbox 1070 1409 1216 1496; x_wconf 83' lang='lat' dir='ltr'><strong>Capuam</strong></span> <span class='ocrx_word' id='word_1_46' title='bbox 1248 1409 1314 1473; x_wconf 92' lang='lat' dir='ltr'><strong>iter</strong></span> 
     </span>
     <span class='ocr_line' id='line_1_9' title="bbox 215 1516 1312 1608; baseline -0.002 -24"><span class='ocrx_word' id='word_1_47' title='bbox 215 1519 399 1604; x_wconf 84' lang='lat' dir='ltr'><strong>ingressum</strong></span> <span class='ocrx_word' id='word_1_48' title='bbox 424 1541 505 1586; x_wconf 88' lang='lat' dir='ltr'><strong>esse.</strong></span> <span class='ocrx_word' id='word_1_49' title='bbox 550 1519 629 1586; x_wconf 87' lang='lat' dir='ltr'><strong>Eius</strong></span> <span class='ocrx_word' id='word_1_50' title='bbox 652 1521 792 1587; x_wconf 84' lang='lat' dir='ltr'><strong>civitatis</strong></span> <span class='ocrx_word' id='word_1_51' title='bbox 822 1544 904 1608; x_wconf 89' lang='lat' dir='ltr'><strong>quae</strong></span> <span class='ocrx_word' id='word_1_52' title='bbox 925 1532 996 1586; x_wconf 93' lang='lat' dir='ltr'><strong>tum</strong></span> <span class='ocrx_word' id='word_1_53' title='bbox 1016 1519 1132 1585; x_wconf 81' lang='lat' dir='ltr'><strong>fuisset</strong></span> <span class='ocrx_word' id='word_1_54' title='bbox 1149 1516 1312 1600; x_wconf 77' lang='lat' dir='ltr'><strong>condicio,</strong></span> 
     </span>
     <span class='ocr_line' id='line_1_10' title="bbox 218 1627 1312 1718; baseline -0.001 -25"><span class='ocrx_word' id='word_1_55' title='bbox 218 1650 302 1714; x_wconf 87' lang='lat' dir='ltr'><strong>quae</strong></span> <span class='ocrx_word' id='word_1_56' title='bbox 324 1629 484 1694; x_wconf 82' lang='lat' dir='ltr'><strong>factiones</strong></span> <span class='ocrx_word' id='word_1_57' title='bbox 504 1631 590 1696; x_wconf 89' lang='lat' dir='ltr'><strong>inter</strong></span> <span class='ocrx_word' id='word_1_58' title='bbox 616 1651 651 1697; x_wconf 89' lang='lat' dir='ltr'><strong>se</strong></span> <span class='ocrx_word' id='word_1_59' title='bbox 673 1629 884 1696; x_wconf 86' lang='lat' dir='ltr'><strong>certavissent</strong></span> <span class='ocrx_word' id='word_1_60' title='bbox 904 1639 1077 1718; x_wconf 83' lang='lat' dir='ltr'><strong>postquam</strong></span> <span class='ocrx_word' id='word_1_61' title='bbox 1103 1628 1239 1693; x_wconf 89' lang='lat' dir='ltr'><strong>uberius</strong></span> <span class='ocrx_word' id='word_1_62' title='bbox 1262 1627 1312 1692; x_wconf 93' lang='lat' dir='ltr'><strong>di-</strong></span> 
     </span>
     <span class='ocr_line' id='line_1_11' title="bbox 217 1736 1312 1826; baseline -0.005 -22"><span class='ocrx_word' id='word_1_63' title='bbox 217 1737 371 1824; x_wconf 82' lang='lat' dir='ltr'><strong>sputarit,</strong></span> <span class='ocrx_word' id='word_1_64' title='bbox 394 1737 556 1823; x_wconf 91' lang='lat' dir='ltr'><strong>quomodo</strong></span> <span class='ocrx_word' id='word_1_65' title='bbox 587 1738 629 1803; x_wconf 93' lang='lat' dir='ltr'><strong>ad</strong></span> <span class='ocrx_word' id='word_1_66' title='bbox 648 1737 843 1805; x_wconf 89' lang='lat' dir='ltr'><strong>Hannibalis</strong></span> <span class='ocrx_word' id='word_1_67' title='bbox 864 1737 1035 1802; x_wconf 83' lang='lat' dir='ltr'><strong>amicitiam</strong></span> <span class='ocrx_word' id='word_1_68' title='bbox 1061 1736 1223 1826; x_wconf 82' lang='lat' dir='ltr'><strong>Campani</strong></span> <span class='ocrx_word' id='word_1_69' title='bbox 1245 1744 1312 1800; x_wconf 89' lang='lat' dir='ltr'><strong>tra-</strong></span> 
     </span>
     <span class='ocr_line' id='line_1_12' title="bbox 217 1845 1314 1934; baseline -0.002 -23"><span class='ocrx_word' id='word_1_70' title='bbox 217 1845 308 1912; x_wconf 90' lang='lat' dir='ltr'><strong>dueti</strong></span> <span class='ocrx_word' id='word_1_71' title='bbox 330 1847 394 1911; x_wconf 88' lang='lat' dir='ltr'><strong>sint</strong></span> <span class='ocrx_word' id='word_1_72' title='bbox 422 1847 566 1934; x_wconf 83' lang='lat' dir='ltr'><strong>exponit.</strong></span> <span class='ocrx_word' id='word_1_73' title='bbox 601 1847 714 1932; x_wconf 89' lang='lat' dir='ltr'><strong>Atque</strong></span> <span class='ocrx_word' id='word_1_74' title='bbox 733 1869 843 1911; x_wconf 89' lang='lat' dir='ltr'><strong>earum</strong></span> <span class='ocrx_word' id='word_1_75' title='bbox 859 1845 992 1930; x_wconf 90' lang='lat' dir='ltr'><strong>quidem</strong></span> <span class='ocrx_word' id='word_1_76' title='bbox 1012 1867 1121 1910; x_wconf 91' lang='lat' dir='ltr'><strong>rerum</strong></span> <span class='ocrx_word' id='word_1_77' title='bbox 1138 1867 1314 1930; x_wconf 88' lang='lat' dir='ltr'><strong>quamnam</strong></span> 
     </span>
     <span class='ocr_line' id='line_1_13' title="bbox 215 1953 1312 2042; baseline -0.003 -21"><span class='ocrx_word' id='word_1_78' title='bbox 215 1954 374 2042; x_wconf 82' lang='lat' dir='ltr'><strong>Polybius</strong></span> <span class='ocrx_word' id='word_1_79' title='bbox 396 1955 615 2021; x_wconf 84' lang='lat' dir='ltr'><strong>narrationem</strong></span> <span class='ocrx_word' id='word_1_80' title='bbox 640 1955 835 2037; x_wconf 82' lang='lat' dir='ltr'><strong>exhibuerit,</strong></span> <span class='ocrx_word' id='word_1_81' title='bbox 860 1955 901 2020; x_wconf 93' lang='lat' dir='ltr'><strong>ob</strong></span> <span class='ocrx_word' id='word_1_82' title='bbox 931 1978 1039 2020; x_wconf 83' lang='lat' dir='ltr'><strong>casum</strong></span> <span class='ocrx_word' id='word_1_83' title='bbox 1062 1955 1118 2040; x_wconf 89' lang='lat' dir='ltr'><strong>qui</strong></span> <span class='ocrx_word' id='word_1_84' title='bbox 1147 1953 1196 2018; x_wconf 87' lang='lat' dir='ltr'><strong>illi</strong></span> <span class='ocrx_word' id='word_1_85' title='bbox 1217 1953 1312 2041; x_wconf 88' lang='lat' dir='ltr'><strong>operi</strong></span> 
     </span>
     <span class='ocr_line' id='line_1_14' title="bbox 217 2061 1310 2152; baseline -0.004 -22"><span class='ocrx_word' id='word_1_86' title='bbox 217 2064 338 2130; x_wconf 88' lang='lat' dir='ltr'><strong>aoeidit</strong></span> <span class='ocrx_word' id='word_1_87' title='bbox 358 2062 576 2130; x_wconf 89' lang='lat' dir='ltr'><strong>miserabilem</strong></span> <span class='ocrx_word' id='word_1_88' title='bbox 594 2064 681 2128; x_wconf 89' lang='lat' dir='ltr'><strong>unde</strong></span> <span class='ocrx_word' id='word_1_89' title='bbox 703 2063 773 2128; x_wconf 89' lang='lat' dir='ltr'><strong>erui</strong></span> <span class='ocrx_word' id='word_1_90' title='bbox 793 2062 895 2152; x_wconf 90' lang='lat' dir='ltr'><strong>possit</strong></span> <span class='ocrx_word' id='word_1_91' title='bbox 917 2086 982 2128; x_wconf 91' lang='lat' dir='ltr'><strong>non</strong></span> <span class='ocrx_word' id='word_1_92' title='bbox 996 2063 1164 2128; x_wconf 90' lang='lat' dir='ltr'><strong>habemus.</strong></span> <span class='ocrx_word' id='word_1_93' title='bbox 1187 2061 1310 2151; x_wconf 84' lang='lat' dir='ltr'><strong>Super·</strong></span> 
     </span>
     <span class='ocr_line' id='line_1_15' title="bbox 214 2173 1311 2265; baseline -0.002 -25"><span class='ocrx_word' id='word_1_94' title='bbox 214 2175 307 2242; x_wconf 79' lang='lat' dir='ltr'><strong>&#39;stites</strong></span> <span class='ocrx_word' id='word_1_95' title='bbox 329 2176 415 2240; x_wconf 91' lang='lat' dir='ltr'><strong>enim</strong></span> <span class='ocrx_word' id='word_1_96' title='bbox 438 2173 522 2240; x_wconf 87' lang='lat' dir='ltr'><strong>duae</strong></span> <span class='ocrx_word' id='word_1_97' title='bbox 543 2174 765 2239; x_wconf 88' lang='lat' dir='ltr'><strong>tantummodo</strong></span> <span class='ocrx_word' id='word_1_98' title='bbox 785 2182 859 2240; x_wconf 89' lang='lat' dir='ltr'><strong>sunt</strong></span> <span class='ocrx_word' id='word_1_99' title='bbox 879 2173 1047 2265; x_wconf 88' lang='lat' dir='ltr'><strong>reliquiae,</strong></span> <span class='ocrx_word' id='word_1_100' title='bbox 1072 2195 1208 2262; x_wconf 88' lang='lat' dir='ltr'><strong>quarum</strong></span> <span class='ocrx_word' id='word_1_101' title='bbox 1229 2173 1311 2238; x_wconf 90' lang='lat' dir='ltr'><strong>alte-</strong></span> 
     </span>
     <span class='ocr_line' id='line_1_16' title="bbox 214 2271 1311 2371; baseline -0.001 -22"><span class='ocrx_word' id='word_1_102' title='bbox 214 2306 285 2349; x_wconf 89' lang='lat' dir='ltr'><strong>ram</strong></span> <span class='ocrx_word' id='word_1_103' title='bbox 306 2271 449 2350; x_wconf 75' lang='lat' dir='ltr'><strong>serravit</strong></span> <span class='ocrx_word' id='word_1_104' title='bbox 469 2284 658 2349; x_wconf 87' lang='lat' dir='ltr'><strong>Athenaeus</strong></span> <span class='ocrx_word' id='word_1_105' title='bbox 674 2307 706 2371; x_wconf 93' lang='lat' dir='ltr'><strong>p.</strong></span> <span class='ocrx_word' id='word_1_106' title='bbox 721 2283 782 2348; x_wconf 79' lang='lat'><strong>528</strong></span> <span class='ocrx_word' id='word_1_107' title='bbox 796 2285 830 2368; x_wconf 81' lang='lat'><strong>¹),</strong></span> <span class='ocrx_word' id='word_1_108' title='bbox 851 2284 989 2350; x_wconf 90' lang='lat' dir='ltr'><strong>alteram</strong></span> <span class='ocrx_word' id='word_1_109' title='bbox 1007 2281 1130 2350; x_wconf 86' lang='lat' dir='ltr'><strong>Suidae</strong></span> <span class='ocrx_word' id='word_1_110' title='bbox 1151 2283 1311 2349; x_wconf 89' lang='lat' dir='ltr'><strong>debemus</strong></span> 
     </span>
     <span class='ocr_line' id='line_1_17' title="bbox 217 2387 1309 2480; baseline -0.001 -22"><span class='ocrx_word' id='word_1_111' title='bbox 217 2393 277 2459; x_wconf 89' lang='lat' dir='ltr'><strong>sub</strong></span> <span class='ocrx_word' id='word_1_112' title='bbox 301 2415 383 2460; x_wconf 83' lang='lat' dir='ltr'><strong>voce</strong></span> <span class='ocrx_word' id='word_1_113' title='bbox 405 2387 536 2480; x_wconf 77' lang='grc' dir='ltr'><strong><em>Καπύη.</em></strong></span> <span class='ocrx_word' id='word_1_114' title='bbox 570 2391 613 2458; x_wconf 88' lang='lat' dir='ltr'><strong>Et</strong></span> <span class='ocrx_word' id='word_1_115' title='bbox 628 2393 815 2458; x_wconf 86' lang='lat' dir='ltr'><strong>Athenaeus</strong></span> <span class='ocrx_word' id='word_1_116' title='bbox 832 2391 1099 2480; x_wconf 89' lang='lat' dir='ltr'><strong>quidem&#39;Polybi</strong></span> <span class='ocrx_word' id='word_1_117' title='bbox 1121 2393 1309 2460; x_wconf 87' lang='lat' dir='ltr'><strong>testimonio</strong></span> 
     </span>
     <span class='ocr_line' id='line_1_18' title="bbox 214 2501 1310 2587; baseline -0.002 -18"><span class='ocrx_word' id='word_1_118' title='bbox 214 2501 292 2569; x_wconf 86' lang='lat' dir='ltr'><strong>usus</strong></span> <span class='ocrx_word' id='word_1_119' title='bbox 317 2503 463 2569; x_wconf 83' lang='lat' dir='ltr'><strong>breviter</strong></span> <span class='ocrx_word' id='word_1_120' title='bbox 485 2526 616 2568; x_wconf 87' lang='lat' dir='ltr'><strong>eausam</strong></span> <span class='ocrx_word' id='word_1_121' title='bbox 645 2501 837 2568; x_wconf 85' lang='lat' dir='ltr'><strong>defentionis</strong></span> <span class='ocrx_word' id='word_1_122' title='bbox 861 2525 933 2568; x_wconf 84' lang='lat' dir='ltr'><strong>earn</strong></span> <span class='ocrx_word' id='word_1_123' title='bbox 955 2503 1055 2570; x_wconf 86' lang='lat' dir='ltr'><strong>fuisse</strong></span> <span class='ocrx_word' id='word_1_124' title='bbox 1078 2511 1197 2582; x_wconf 85' lang='lat' dir='ltr'><strong>narrat,</strong></span> <span class='ocrx_word' id='word_1_125' title='bbox 1221 2502 1310 2587; x_wconf 93' lang='lat' dir='ltr'><strong>quod</strong></span> 
     </span>
     <span class='ocr_line' id='line_1_19' title="bbox 214 2609 1308 2702; baseline -0.004 -24"><span class='ocrx_word' id='word_1_126' title='bbox 214 2612 373 2702; x_wconf 77' lang='lat' dir='ltr'><strong>Campani</strong></span> <span class='ocrx_word' id='word_1_127' title='bbox 398 2613 498 2698; x_wconf 82' lang='lat' dir='ltr'><strong>longa</strong></span> <span class='ocrx_word' id='word_1_128' title='bbox 521 2611 677 2678; x_wconf 84' lang='lat' dir='ltr'><strong>felicitate</strong></span> <span class='ocrx_word' id='word_1_129' title='bbox 707 2611 845 2678; x_wconf 87' lang='lat' dir='ltr'><strong>emolliti</strong></span> <span class='ocrx_word' id='word_1_130' title='bbox 867 2611 999 2678; x_wconf 91' lang='lat' dir='ltr'><strong>nimiam</strong></span> <span class='ocrx_word' id='word_1_131' title='bbox 1021 2612 1171 2678; x_wconf 88' lang='lat' dir='ltr'><strong>fortunae</strong></span> <span class='ocrx_word' id='word_1_132' title='bbox 1199 2609 1308 2676; x_wconf 92' lang='lat' dir='ltr'><strong>indul-</strong></span> 
     </span>
     <span class='ocr_line' id='line_1_20' title="bbox 213 2719 1310 2807; baseline 0 -21"><span class='ocrx_word' id='word_1_133' title='bbox 213 2720 357 2807; x_wconf 84' lang='lat' dir='ltr'><strong>gentiam</strong></span> <span class='ocrx_word' id='word_1_134' title='bbox 390 2722 478 2787; x_wconf 86' lang='lat' dir='ltr'><strong>ferre</strong></span> <span class='ocrx_word' id='word_1_135' title='bbox 510 2741 577 2786; x_wconf 91' lang='lat' dir='ltr'><strong>non</strong></span> <span class='ocrx_word' id='word_1_136' title='bbox 608 2729 752 2807; x_wconf 88' lang='lat' dir='ltr'><strong>possent.</strong></span> <span class='ocrx_word' id='word_1_137' title='bbox 801 2719 899 2802; x_wconf 84' lang='lat' dir='ltr'><strong>Quae</strong></span> <span class='ocrx_word' id='word_1_138' title='bbox 930 2745 949 2785; x_wconf 91' lang='lat' dir='ltr'><strong>a</strong></span> <span class='ocrx_word' id='word_1_139' title='bbox 982 2719 1083 2787; x_wconf 82' lang='lat' dir='ltr'><strong>Suida</strong></span> <span class='ocrx_word' id='word_1_140' title='bbox 1111 2719 1310 2786; x_wconf 88' lang='lat' dir='ltr'><strong>exhibentur</strong></span> 
     </span>
     <span class='ocr_line' id='line_1_21' title="bbox 213 2824 1309 2917; baseline 0.001 -24"><span class='ocrx_word' id='word_1_141' title='bbox 213 2831 331 2896; x_wconf 85' lang='lat' dir='ltr'><strong>verba:</strong></span> <span class='ocrx_word' id='word_1_142' title='bbox 354 2825 374 2917; x_wconf 82' lang='grc' dir='ltr'><em>ἡ</em></span> <span class='ocrx_word' id='word_1_143' title='bbox 390 2828 426 2896; x_wconf 79' lang='grc' dir='ltr'><strong>δὲ</strong></span> <span class='ocrx_word' id='word_1_144' title='bbox 439 2825 560 2917; x_wconf 72' lang='grc' dir='ltr'><em>Καπύη</em></span> <span class='ocrx_word' id='word_1_145' title='bbox 575 2828 781 2916; x_wconf 77' lang='grc' dir='ltr'><em>μεταθεμὲνη</em></span> <span class='ocrx_word' id='word_1_146' title='bbox 798 2824 883 2915; x_wconf 80' lang='grc' dir='ltr'><strong><em>πρὸς</em></strong></span> <span class='ocrx_word' id='word_1_147' title='bbox 894 2827 1137 2916; x_wconf 78' lang='grc' dir='ltr'><strong><em>Καρχηδονίους</em></strong></span> <span class='ocrx_word' id='word_1_148' title='bbox 1149 2829 1196 2916; x_wconf 74' lang='grc' dir='ltr'><strong>τῷ</strong></span> <span class='ocrx_word' id='word_1_149' title='bbox 1210 2824 1309 2915; x_wconf 76' lang='grc' dir='ltr'><em>βάρει</em></span> 
     </span>
    </p>
   </div>
   <div class='ocr_carea' id='block_1_5' title="bbox 212 2930 1387 3028">
    <p class='ocr_par' dir='ltr' id='par_1_5' title="bbox 212 2930 1387 3028">
     <span class='ocr_line' id='line_1_22' title="bbox 212 2930 1387 3028; baseline -0.003 -20"><span class='ocrx_word' id='word_1_150' title='bbox 212 2935 439 3008; x_wconf 77' lang='grc' dir='ltr'><strong><em>συνεσπάσατο</em></strong></span> <span class='ocrx_word' id='word_1_151' title='bbox 471 2939 525 3006; x_wconf 81' lang='grc' dir='ltr'><strong>καὶ</strong></span> <span class='ocrx_word' id='word_1_152' title='bbox 551 2934 609 3019; x_wconf 81' lang='grc' dir='ltr'><strong>τὰς</strong></span> <span class='ocrx_word' id='word_1_153' title='bbox 637 2930 872 3019; x_wconf 60' lang='lat' dir='ltr'><strong>diluentibus</strong></span> <span class='ocrx_word' id='word_1_154' title='bbox 901 2962 1096 3028; x_wconf 90' lang='lat' dir='ltr'><strong>quamquam</strong></span> <span class='ocrx_word' id='word_1_155' title='bbox 1117 2949 1208 3004; x_wconf 89' lang='lat' dir='ltr'><strong>oerte</strong></span> <span class='ocrx_word' id='word_1_156' title='bbox 1232 2947 1309 3005; x_wconf 87' lang='lat' dir='ltr'><strong>sunt</strong></span> <span class='ocrx_word' id='word_1_157' title='bbox 1386 2943 1387 2952; x_wconf 58' lang='lat'><em>²</em></span> 
     </span>
    </p>
   </div>
   <div class='ocr_carea' id='block_1_6' title="bbox 211 3045 1306 3356">
    <p class='ocr_par' dir='ltr' id='par_1_6' title="bbox 211 3045 1306 3356">
     <span class='ocr_line' id='line_1_23' title="bbox 212 3045 1306 3137; baseline -0.002 -21"><span class='ocrx_word' id='word_1_158' title='bbox 212 3045 404 3137; x_wconf 80' lang='lat' dir='ltr'><strong>Polybiane,</strong></span> <span class='ocrx_word' id='word_1_159' title='bbox 441 3059 552 3116; x_wconf 85' lang='lat' dir='ltr'><strong>tomen</strong></span> <span class='ocrx_word' id='word_1_160' title='bbox 582 3057 713 3116; x_wconf 88' lang='lat' dir='ltr'><strong>nostrae</strong></span> <span class='ocrx_word' id='word_1_161' title='bbox 741 3047 959 3136; x_wconf 88' lang='lat' dir='ltr'><strong>disputationi</strong></span> <span class='ocrx_word' id='word_1_162' title='bbox 996 3049 1051 3136; x_wconf 89' lang='lat' dir='ltr'><strong>qui</strong></span> <span class='ocrx_word' id='word_1_163' title='bbox 1082 3047 1204 3114; x_wconf 74' lang='lat' dir='ltr'><strong>fruetis</strong></span> <span class='ocrx_word' id='word_1_164' title='bbox 1230 3047 1306 3114; x_wconf 89' lang='lat' dir='ltr'><strong>inde</strong></span> 
     </span>
     <span class='ocr_line' id='line_1_24' title="bbox 213 3157 1305 3248; baseline -0.003 -23"><span class='ocrx_word' id='word_1_165' title='bbox 213 3157 286 3245; x_wconf 90' lang='lat' dir='ltr'><strong>oapi</strong></span> <span class='ocrx_word' id='word_1_166' title='bbox 307 3159 418 3248; x_wconf 87' lang='lat' dir='ltr'><strong>possit,</strong></span> <span class='ocrx_word' id='word_1_167' title='bbox 444 3180 511 3223; x_wconf 93' lang='lat' dir='ltr'><strong>non</strong></span> <span class='ocrx_word' id='word_1_168' title='bbox 532 3159 639 3226; x_wconf 88' lang='lat' dir='ltr'><strong>video.</strong></span> <span class='ocrx_word' id='word_1_169' title='bbox 690 3157 762 3227; x_wconf 84' lang='lat' dir='ltr'><strong>Etsi</strong></span> <span class='ocrx_word' id='word_1_170' title='bbox 793 3157 895 3244; x_wconf 81' lang='lat' dir='ltr'><strong>igitur</strong></span> <span class='ocrx_word' id='word_1_171' title='bbox 915 3157 1091 3245; x_wconf 82' lang='lat' dir='ltr'><strong>Polybium</strong></span> <span class='ocrx_word' id='word_1_172' title='bbox 1117 3179 1305 3247; x_wconf 80' lang='lat' dir='ltr'><strong>comparare</strong></span> 
     </span>
     <span class='ocr_line' id='line_1_25' title="bbox 211 3265 1304 3356; baseline -0.003 -22"><span class='ocrx_word' id='word_1_173' title='bbox 211 3290 278 3334; x_wconf 93' lang='lat' dir='ltr'><strong>non</strong></span> <span class='ocrx_word' id='word_1_174' title='bbox 299 3289 472 3356; x_wconf 84' lang='lat' dir='ltr'><strong>possumus</strong></span> <span class='ocrx_word' id='word_1_175' title='bbox 496 3291 567 3335; x_wconf 88' lang='lat' dir='ltr'><strong>oum</strong></span> <span class='ocrx_word' id='word_1_176' title='bbox 599 3267 704 3354; x_wconf 85' lang='lat' dir='ltr'><strong>Livio,</strong></span> <span class='ocrx_word' id='word_1_177' title='bbox 735 3280 845 3345; x_wconf 86' lang='lat' dir='ltr'><strong>tamen</strong></span> <span class='ocrx_word' id='word_1_178' title='bbox 873 3267 951 3356; x_wconf 87' lang='lat' dir='ltr'><strong>ipsis</strong></span> <span class='ocrx_word' id='word_1_179' title='bbox 973 3265 1048 3334; x_wconf 87' lang='lat' dir='ltr'><strong>Livi</strong></span> <span class='ocrx_word' id='word_1_180' title='bbox 1078 3267 1186 3333; x_wconf 86' lang='lat' dir='ltr'><strong>verbis</strong></span> <span class='ocrx_word' id='word_1_181' title='bbox 1210 3288 1304 3356; x_wconf 90' lang='lat' dir='ltr'><strong>spero</strong></span> 
     </span>
    </p>
   </div>
   <div class='ocr_carea' id='block_1_7' title="bbox 212 3375 1387 3463">
    <p class='ocr_par' dir='ltr' id='par_1_7' title="bbox 212 3375 1387 3463">
     <span class='ocr_line' id='line_1_26' title="bbox 212 3375 1387 3463; baseline -0.001 -20"><span class='ocrx_word' id='word_1_182' title='bbox 212 3398 265 3443; x_wconf 89' lang='lat' dir='ltr'><strong>me</strong></span> <span class='ocrx_word' id='word_1_183' title='bbox 297 3377 593 3446; x_wconf 85' lang='lat' dir='ltr'><strong>demonstraturum</strong></span> <span class='ocrx_word' id='word_1_184' title='bbox 622 3401 704 3463; x_wconf 87' lang='lat' dir='ltr'><strong>esse,</strong></span> <span class='ocrx_word' id='word_1_185' title='bbox 727 3401 801 3445; x_wconf 91' lang='lat' dir='ltr'><strong>eum</strong></span> <span class='ocrx_word' id='word_1_186' title='bbox 834 3400 876 3443; x_wconf 91' lang='lat' dir='ltr'><strong>ne</strong></span> <span class='ocrx_word' id='word_1_187' title='bbox 907 3378 943 3445; x_wconf 93' lang='lat' dir='ltr'><strong>in</strong></span> <span class='ocrx_word' id='word_1_188' title='bbox 965 3377 1026 3443; x_wconf 87' lang='lat' dir='ltr'><strong>hae</strong></span> <span class='ocrx_word' id='word_1_189' title='bbox 1052 3375 1182 3463; x_wconf 91' lang='lat' dir='ltr'><strong>quidem</strong></span> <span class='ocrx_word' id='word_1_190' title='bbox 1205 3377 1302 3442; x_wconf 85' lang='lat' dir='ltr'><strong>histo·</strong></span> <span class='ocrx_word' id='word_1_191' title='bbox 1386 3439 1387 3442; x_wconf 74' lang='grc'>,</span> 
     </span>
    </p>
   </div>
   <div class='ocr_carea' id='block_1_8' title="bbox 123 3475 1387 3903">
    <p class='ocr_par' dir='ltr' id='par_1_8' title="bbox 123 3475 1387 3903">
     <span class='ocr_line' id='line_1_27' title="bbox 123 3475 1387 3576; baseline -0.001 -23"><span class='ocrx_word' id='word_1_192' title='bbox 123 3479 127 3492; x_wconf 77' lang='grc'><strong>’</strong></span> <span class='ocrx_word' id='word_1_193' title='bbox 213 3475 336 3553; x_wconf 83' lang='lat' dir='ltr'><strong>riarum</strong></span> <span class='ocrx_word' id='word_1_194' title='bbox 350 3487 513 3575; x_wconf 85' lang='lat' dir='ltr'><strong>particula</strong></span> <span class='ocrx_word' id='word_1_195' title='bbox 525 3489 696 3575; x_wconf 82' lang='lat' dir='ltr'><strong>exemplar</strong></span> <span class='ocrx_word' id='word_1_196' title='bbox 708 3487 925 3575; x_wconf 90' lang='lat' dir='ltr'><strong>Polybianum</strong></span> <span class='ocrx_word' id='word_1_197' title='bbox 939 3485 1149 3576; x_wconf 86' lang='lat' dir='ltr'><strong>expressisse.</strong></span> <span class='ocrx_word' id='word_1_198' title='bbox 1171 3484 1302 3552; x_wconf 87' lang='lat' dir='ltr'><strong>Etenim</strong></span> <span class='ocrx_word' id='word_1_199' title='bbox 1386 3497 1387 3552; x_wconf 79' lang='grc' dir='ltr'>ἶ</span> 
     </span>
     <span class='ocr_line' id='line_1_28' title="bbox 212 3594 1387 3687; baseline -0.002 -24"><span class='ocrx_word' id='word_1_200' title='bbox 212 3596 248 3663; x_wconf 81' lang='lat' dir='ltr'><strong>in</strong></span> <span class='ocrx_word' id='word_1_201' title='bbox 263 3605 410 3663; x_wconf 89' lang='lat' dir='ltr'><strong>extremo</strong></span> <span class='ocrx_word' id='word_1_202' title='bbox 432 3597 537 3685; x_wconf 88' lang='lat' dir='ltr'><strong>eapite</strong></span> <span class='ocrx_word' id='word_1_203' title='bbox 550 3608 643 3665; x_wconf 89' lang='lat' dir='ltr'><strong>sexto</strong></span> <span class='ocrx_word' id='word_1_204' title='bbox 664 3621 737 3663; x_wconf 92' lang='lat' dir='ltr'><strong>eum</strong></span> <span class='ocrx_word' id='word_1_205' title='bbox 749 3597 835 3687; x_wconf 89' lang='lat' dir='ltr'><strong>apud</strong></span> <span class='ocrx_word' id='word_1_206' title='bbox 855 3595 1012 3683; x_wconf 90' lang='lat' dir='ltr'><strong>quosdam</strong></span> <span class='ocrx_word' id='word_1_207' title='bbox 1029 3594 1191 3662; x_wconf 87' lang='lat' dir='ltr'><strong>annalium</strong></span> <span class='ocrx_word' id='word_1_208' title='bbox 1205 3596 1304 3684; x_wconf 83' lang='lat' dir='ltr'><strong>serip</strong></span> <span class='ocrx_word' id='word_1_209' title='bbox 1386 3599 1387 3644; x_wconf 62' lang='lat'><em>³</em></span> 
     </span>
     <span class='ocr_line' id='line_1_29' title="bbox 212 3701 1303 3794; baseline -0.001 -22"><span class='ocrx_word' id='word_1_210' title='bbox 212 3714 300 3772; x_wconf 89' lang='lat' dir='ltr'><strong>tores</strong></span> <span class='ocrx_word' id='word_1_211' title='bbox 326 3728 364 3788; x_wconf 86' lang='lat' dir='ltr'><strong>se</strong></span> <span class='ocrx_word' id='word_1_212' title='bbox 395 3706 560 3772; x_wconf 83' lang='lat' dir='ltr'><strong>invenisse</strong></span> <span class='ocrx_word' id='word_1_213' title='bbox 593 3706 750 3791; x_wconf 86' lang='lat' dir='ltr'><strong>affirmet,</strong></span> <span class='ocrx_word' id='word_1_214' title='bbox 784 3707 909 3794; x_wconf 86' lang='lat' dir='ltr'><strong>legatos</strong></span> <span class='ocrx_word' id='word_1_215' title='bbox 931 3729 950 3770; x_wconf 87' lang='lat' dir='ltr'><strong>a</strong></span> <span class='ocrx_word' id='word_1_216' title='bbox 971 3703 1147 3792; x_wconf 83' lang='lat' dir='ltr'><strong>Campanis</strong></span> <span class='ocrx_word' id='word_1_217' title='bbox 1167 3701 1303 3771; x_wconf 88' lang='lat' dir='ltr'><strong>Romam</strong></span> 
     </span>
     <span class='ocr_line' id='line_1_30' title="bbox 213 3813 1387 3903; baseline -0.001 -22"><span class='ocrx_word' id='word_1_218' title='bbox 213 3815 329 3883; x_wconf 85' lang='lat' dir='ltr'><strong>missos</strong></span> <span class='ocrx_word' id='word_1_219' title='bbox 350 3838 432 3902; x_wconf 89' lang='lat' dir='ltr'><strong>esse,</strong></span> <span class='ocrx_word' id='word_1_220' title='bbox 455 3825 491 3882; x_wconf 92' lang='lat' dir='ltr'><strong>ut</strong></span> <span class='ocrx_word' id='word_1_221' title='bbox 518 3816 603 3883; x_wconf 89' lang='lat' dir='ltr'><strong>alter</strong></span> <span class='ocrx_word' id='word_1_222' title='bbox 631 3815 745 3882; x_wconf 84' lang='lat' dir='ltr'><strong>consul</strong></span> <span class='ocrx_word' id='word_1_223' title='bbox 768 3814 952 3903; x_wconf 84' lang='lat' dir='ltr'><strong>Campanus</strong></span> <span class='ocrx_word' id='word_1_224' title='bbox 973 3814 1070 3880; x_wconf 88' lang='lat' dir='ltr'><strong>fieret</strong></span> <span class='ocrx_word' id='word_1_225' title='bbox 1089 3813 1302 3902; x_wconf 69' lang='lat' dir='ltr'><strong>postmontes,</strong></span> <span class='ocrx_word' id='word_1_226' title='bbox 1386 3823 1387 3828; x_wconf 76' lang='grc'>’</span> 
     </span>
    </p>
   </div>
   <div class='ocr_carea' id='block_1_9' title="bbox 213 4013 416 4026">
    <p class='ocr_par' dir='ltr' id='par_1_9' title="bbox 213 4013 416 4026">
     <span class='ocr_line' id='line_1_31' title="bbox 213 4013 416 4026; baseline -0.005 0"><span class='ocrx_word' id='word_1_227' title='bbox 213 4013 416 4026; x_wconf 50' lang='grc' dir='ltr'><strong>-ῇ-ι--ι</strong></span> 
     </span>
    </p>
   </div>
   <div class='ocr_carea' id='block_1_10' title="bbox 311 4137 593 4212">
    <p class='ocr_par' dir='ltr' id='par_1_10' title="bbox 311 4137 593 4212">
     <span class='ocr_line' id='line_1_32' title="bbox 311 4137 593 4212; baseline -0.007 -17"><span class='ocrx_word' id='word_1_228' title='bbox 311 4139 340 4212; x_wconf 90' lang='grc'><strong>1)</strong></span> <span class='ocrx_word' id='word_1_229' title='bbox 357 4137 467 4195; x_wconf 81' lang='lat' dir='ltr'><strong>Beklrer</strong></span> <span class='ocrx_word' id='word_1_230' title='bbox 483 4156 511 4211; x_wconf 91' lang='lat' dir='ltr'><strong>p.</strong></span> <span class='ocrx_word' id='word_1_231' title='bbox 531 4138 593 4198; x_wconf 75' lang='lat' dir='ltr'><strong>boe.</strong></span> 
     </span>
    </p>
   </div>
   <div class='ocr_carea' id='block_1_11' title="bbox 0 0 1422 4608">
    <p class='ocr_par' dir='ltr' id='par_1_11' title="bbox 0 0 1422 4608">
     <span class='ocr_line' id='line_1_33' title="bbox 0 0 1422 4608; baseline 0 2"><span class='ocrx_word' id='word_1_232' title='bbox 0 0 1422 4608; x_wconf 95' lang='lat' dir='ltr'><strong> </strong></span> 
     </span>
    </p>
   </div>
   <div class='ocr_carea' id='block_1_12' title="bbox 1356 4477 1387 4570">
    <p class='ocr_par' dir='ltr' id='par_1_12' title="bbox 1356 4477 1387 4570">
     <span class='ocr_line' id='line_1_34' title="bbox 1356 4477 1387 4570; baseline 0.032 -1"><span class='ocrx_word' id='word_1_233' title='bbox 1356 4477 1387 4570; x_wconf 76' lang='lat' dir='ltr'><strong>..l</strong></span> 
     </span>
    </p>
   </div>
  </div>
 </body>
</html>
