2834 4608
638 253 687 328 69.

128 427 232 520 ἀρχῆς
254 435 492 524 διαλογισμοίς,
514 441 657 524 θεωρῶν
687 435 857 520 κίινούσας
878 442 932 508 καί
954 439 1229 524 διατετραμμένας

125 539 188 624 Ιτὰς
208 539 369 629 δυνάμεις,
390 539 428 612 τί
449 545 510 629 μὲν
524 547 729 630 ψυχομαχεῖν
747 543 841 632 μέχρι
863 549 921 634 τῆς
940 543 1075 635 ἐσχάτης
1095 547 1229 628 ἐλπίδος

128 645 369 738 α’πεδοκίμασε,
392 645 501 736 λαβὼν
525 645 619 718 δὲτὰ
639 644 787 738 χρήματα
809 651 862 718 καί
885 647 926 719 τοί
950 653 1063 740 θηρία,
1085 653 1140 719 καὶ
1162 655 1229 717 τοία

127 756 316 848 φευγόντων
330 755 428 838 ὅσους
442 751 581 848 ἠδύνατο
596 758 773 839 πλείστους
786 756 1068 847 ἐπισπασάμενος,
1079 761 1228 830 ἐποιεῖτο

127 865 188 956 τὴν
205 862 409 956 ἀναχώρησιν
430 863 521 951 παροί
547 863 605 934 τὸν
629 863 733 954 Tdyov
752 866 903 954 ποταμὸν
924 872 991 936 κτλ.

237 977 342 1046 (laesa
362 977 405 1043 ad
424 986 498 1043 octo
519 976 608 1042 milia
630 976 951 1064 Carthaginiensium
966 961 1046 1045 'esse
1067 1002 1151 1045 unus
1173 978 1227 1045 Li·

127 1086 201 1153 vius
223 1087 400 1153 memoriae
430 1085 586 1174 prodidit.
638 1085 741 1170 Idem,
772 1108 814 1152 ne
846 1087 898 1152 cui
928 1088 1046 1153 mirum
1067 1065 1228 1171 videatur,

129 1193 219 1282 quod
242 1194 434 1283 elephantos
458 1215 476 1260 e
499 1190 594 1260 clade
630 1193 688 1258 illa
708 1193 897 1262 Hasdrubal
921 1217 1052 1262 servare
1075 1196 1229 1286 potuerit,

127 1302 317 1369 Hasdrubal
335 1303 442 1390 inquit
469 1311 643 1389 antequam
677 1302 848 1370 dimicaret
871 1305 1010 1391 pecunia
1042 1315 1135 1393 capta
1160 1305 1226 1370 ele-

126 1400 334 1498 phantisque
360 1411 567 1498 praemissis,
601 1410 882 1500 quamplurimos
910 1421 1041 1500 poterat
1073 1412 1113 1478 de
1146 1411 1227 1500 iuga

128 1520 297 1608 excipiens
319 1527 450 1607 praeter
471 1518 600 1605 Tagum
621 1520 743 1586 flumen
764 1519 805 1586 ad
816 1511 1026 1605 Pyrenaeum
1048 1521 1227 1588 contendit.

127 1629 167 1696 In
196 1628 409 1714 sequentibus
438 1649 477 1693 ea
501 1627 586 1693 inter
618 1637 795 1714 utrumque
826 1629 1020 1718 scriptorem
1052 1630 1229 1697 intercedit

129 1737 360 1827 discrepantia,
383 1737 471 1824 quod
502 1739 623 1805 multus
648 1749 697 1806 est
718 1740 881 1827 Polybius
910 1739 943 1805 in
966 1739 1131 1806 laudando
1156 1739 1226 1810 Sci·

131 1847 240 1934 piene,
260 1847 315 1934 qui
335 1849 374 1912 ab
399 1845 554 1935 Hispanis
577 1870 639 1913 rex
659 1849 843 1936 appellatus
866 1871 937 1916 eam
960 1849 1130 1936 dignitatis
1154 1870 1226 1940 spe-

129 1957 214 2022 ciem
248 1955 489 2043 repudiaverit,
526 1964 639 2023 contra
671 1956 787 2024 Livius
822 1980 955 2025 sensere
989 1959 1096 2048 inquit
1127 1959 1224 2025 etiam

126 2063 258 2130 barbari
269 2064 539 2152 rmagnitudinem
567 2065 685 2150 animi,
705 2065 797 2132 cuius
820 2067 979 2134 miraculo
1006 2067 1146 2134 nominis
1170 2068 1226 2134 alii

127 2173 280 2240 mortales
302 2183 484 2261 stuperent,
505 2173 539 2240 id
561 2184 689 2240 extem
712 2164 831 2262 magno
852 2176 985 2264 fastigio
1009 2176 1225 2264 aspernantis.

126 2283 232 2350 Porro
253 2273 345 2369 quae'
367 2282 409 2348 de
432 2273 571 2350 Massiva
597 2273 715 2348 Livius¹
740 2285 877 2372 exponit
905 2285 1066 2374 Polybius
1089 2283 1222 2350 omnino

126 2391 245 2460 emisit.
276 2381 404 2477 Neque
425 2391 467 2458 de
499 2392 588 2458 bello
612 2392 786 2458 consilium
819 2393 965 2459 habitum
988 2415 1061 2460 esse
1093 2401 1225 2482 praeter

127 2501 260 2568 Livium
284 2501 373 2566 ullus
396 2510 445 2566 est
464 2501 566 2567 testis.

208 2603 211 2610 ’
234 2611 328 2694 Quae
352 2631 425 2674 cum
446 2603 491 2674 ita
513 2608 589 2694 sint,
621 2630 717 2674 nemo
740 2609 866 2697 opinor
889 2611 1035 2696 negabit,
1056 2601 1227 2700 ¹permulta

126 2717 269 2784 inveniri
296 2711 390 2806 ¹apud
420 2709 566 2799 Livium,
598 2737 682 2801 quae
695 2709 786 2800 'quin
811 2739 853 2782 ex
876 2716 939 2783 alio
962 2727 1059 2805 atque
1084 2717 1225 2804 Polybio

126 2829 300 2917 desumpta
338 2851 410 2894 essc
443 2838 631 2907 statuamus,
664 2827 735 2894 fieri
764 2849 830 2892 non
850 2815 963 2916 possit.
1006 2827 1074 2897 Sed
1104 2827 1227 2896 dixerit

125 2940 264 3006 fortasse
290 2937 449 3025 quispiam
474 2937 696 3005 Romanorum
721 2943 831 3002 retum
852 2936 1046 3022 scriptorem
1068 2936 1114 3000 ita
1132 2957 1226 3000 usum

127 3067 199 3114 esse
233 3068 333 3134 opere
370 3035 555 3134 Polybiane
563 3072 572 3129 ς
604 3056 640 3112 ut
674 3067 757 3131 quse
788 3046 830 3110 ab
862 3065 901 3110 eo
935 3043 1054 3109 omissa
1086 3043 1224 3125 videret,

126 3179 171 3225 ex
192 3155 331 3221 aliorum
352 3152 483 3242 scriptis
506 3164 697 3220 assumeret.
741 3154 824 3222 Tam
843 3172 948 3240 prope
974 3151 1061 3217 enim
1083 3150 1227 3240 plurima

126 3263 169 3330 ad
202 3261 324 3331 Graeci
357 3262 499 3328 auctoris
532 3261 782 3327 similitudinem
818 3259 987 3344 accedere,
1020 3269 1057 3324 ut
1082 3258 1144 3326 nisi
1170 3259 1225 3345 qui

112 3373 182 3438 'sel
203 3372 244 3438 ad
265 3371 470 3460 apertissima
492 3370 728 3458 obsurdescant
756 3369 928 3454 obstinate,
951 3367 1134 3435 concedant
1158 3393 1224 3436 om-

127 3503 187 3552 nes
208 3501 342 3547 necesse
363 3481 415 3564 sit,
437 3478 534 3546 aliter
562 3479 653 3546 illius
686 3499 873 3546 sermonem
894 3476 1011 3544 Latine
1040 3476 1135 3544 reddi
1158 3499 1225 3544 non

126 3589 283 3680 potuisse.
326 3589 450 3655 Eorum
486 3587 541 3673 qui
574 3587 620 3653 ita
653 3587 819 3676 disputant
843 3585 1022 3652 sententiae
1054 3585 1224 3670 quominus

126 3698 307 3786 adstipuler
326 3697 360 3762 id
382 3697 586 3784 potissimum
607 3707 657 3763 est
676 3695 922 3785 impedimento,
943 3693 1029 3783 quod
1044 3693 1107 3758 iam
1120 3702 1223 3775 antea,

127 3806 183 3873 ubi
204 3804 246 3872 de
268 3806 366 3872 rebus
383 3805 418 3870 in
431 3805 590 3892 Hispania
602 3807 706 3891 gestis
720 3806 834 3872 Livius
856 3802 1018 3892 exposuit,
1039 3801 1222 3868 cavendum

128 3915 222 3982 nobis
256 3933 330 3980 esse
363 3912 516 3997 vidimus,
547 3935 589 3979 ne
624 3912 873 3978 similitudinum
907 3911 1000 3999 copia
1025 3930 1111 3995 quse
1138 3909 1224 3976 inter

129 4016 305 4109 utrumque
326 4021 541 4102 intercedunt,
566 4029 681 4110 sponte
704 4029 866 4105 tamquam
880 4019 916 4084 in
928 4019 1039 4086 oculos
1053 4017 1223 4083 incurren-

130 4132 222 4213 tium,
245 4129 422 4196 alacriores
440 4129 518 4198 facti
540 4128 661 4215 Polybi
684 4127 824 4213 vestigia
848 4136 939 4194 certa
967 4126 1099 4211 quidem
1123 4133 1157 4190 et
1177 4127 1223 4191 in·
