2834 4608
663 257 703 327 21

131 447 237 514 randa
249 459 379 515 secutus
400 452 451 538 sit,
475 473 589 540 parum
612 460 746 518 constat.
771 449 889 535 Neque
910 449 994 514 enim
1008 447 1229 514 Himilconem

132 559 455 648 Carthaginiensium
473 561 575 648 copiis
588 563 770 650 praefuisse
790 570 910 644 narrat,
925 560 984 626 sed
996 557 1229 641 Hannonemll.
1328 604 1332 616 .

232 669 273 734 In
292 671 523 738 enumerandis
546 672 699 750 urbibus,
728 694 809 759 quae
832 681 906 758 post
929 669 1077 736 Peteliae
1102 689 1229 755 expug-

129 778 298 844 nationem
321 804 340 844 a
361 779 515 849 Romanis
542 781 749 849 desciverunt
781 803 855 847 cum
889 782 988 846 etiam
1016 780 1050 843 in
1082 776 1232 844 Siciliam

130 887 273 953 eandem
286 891 467 956 animorum
480 891 727 958 inclinationem
740 892 931 981 pervenisse
948 889 1061 956 Livius
1078 889 1230 960 affirmet,

130 1015 209 1060 eum
230 1019 415 1087 repugnare
437 999 575 1084 Polybio
602 1001 671 1086 quis
697 1009 746 1066 est
769 999 824 1086 qui
848 997 978 1083 neget?
1007 999 1073 1082 Qui
1096 998 1131 1060 in
1153 995 1230 1061 libri

128 1105 183 1171 VI
217 1107 321 1196 capite
356 1117 468 1174 octavo
500 1109 578 1174 talia
615 1111 751 1186 exhibet
783 1109 824 1174 de
861 1108 1010 1176 Gelone:
1041 1103 1093 1173 ὅτι
1121 1105 1231 1171 Γέλων

128 1216 238 1282 πλείω
260 1219 326 1282 τῶν
347 1214 549 1306 πεντήκοντα
569 1214 693 1304 βιώσας
711 1219 792 1286 ἐτῶν
808 1213 939 1286 σκοπὸν
960 1217 1129 1304 προέθηκε
1151 1209 1231 1280 κάλ-ι

129 1326 244 1392 λιστον
265 1325 298 1392 ἒν
319 1331 366 1414 τῷ
390 1329 448 1415 ζῆν
478 1333 525 1417 τῷ
554 1333 751 1414 πειθαρχεῖν
771 1331 820 1416 τῷ
850 1325 1034 1415 γεννήσαντι
1062 1325 1117 1390 καὶ
1146 1319 1230 1411 μήτε

129 1437 277 1503 πλοῦτον
299 1433 383 1526 μήτε
413 1440 579 1523 βασιλείας
605 1439 748 1526 μέγεθος
774 1441 843 1523 μετ’
867 1429 947 1504 dtto
976 1436 1055 1520 περὶ
1076 1435 1231 1510 πλείονος

130 1539 339 1632 ποιήσασθαι
360 1547 460 1634 μηδὲν
475 1552 533 1636 τῆς
547 1544 632 1633 πρὸς
643 1545 721 1628 τούς
741 1547 853 1634 γονέας
868 1541 997 1625 εὐνοίας
1009 1546 1063 1611 καὶ
1077 1545 1230 1622 πίστεως.

129 1653 249 1738 Itaque
263 1653 350 1738 quod
360 1655 473 1722 Livius
487 1655 604 1740 „Gelq
615 1655 731 1742 inquit,
741 1653 904 1720 maximus
917 1654 1026 1742 stirpis
1043 1663 1230 1742 contempta

130 1747 230 1827 simul
253 1773 420 1858 senectute
441 1765 543 1853 patris
571 1765 667 1831 simul
689 1774 762 1854 post
786 1765 997 1833 Cannensem
1021 1763 1147 1829 cladem
1168 1763 1229 1828 Ro·
1303 1837 1305 1840 ¹

130 1894 227 1937 mana
257 1871 411 1938 societate
442 1872 483 1937 ad
505 1873 634 1939 Poenos
658 1871 800 1955 deiecit;
822 1872 1041 1957 movissetque
1061 1872 1095 1936 in
1118 1869 1230 1938 Sicilia

132 2002 200 2064 res,
220 1982 282 2048 nisi
301 2003 388 2048 mors
402 1983 483 2048 adeo
497 1991 690 2070 opportuna,
704 1991 740 2047 ut
754 1991 887 2068 patrem
902 2003 1032 2068 quoque
1045 1980 1229 2068 suspicione

133 2099 328 2178 aspergeret
356 2097 533 2154 armantem
561 2110 636 2154 eum
661 2087 900 2153 multitudinem
924 2087 1228 2172 sollicicantcmqne

132 2199 241 2265 socios
253 2198 517 2286 absumpsisset‚“
530 2221 605 2264 eum
625 2197 750 2263 auctori
770 2172 904 2283 prorsus
917 2221 935 2262 a
946 2197 1087 2284 Polybio
1109 2195 1229 2263 discre-

131 2307 226 2396 panti
247 2306 347 2373 fidem
368 2306 521 2372 habuisse
542 2307 648 2392 quivis
668 2304 841 2392 intellegit.

239 2415 354 2501 Pergit
387 2415 500 2482 Livius
512 2419 537 2496 ²)
570 2416 611 2482 de
641 2418 740 2482 rebus
774 2415 936 2480 disserere
970 2413 1125 2498 urbanis,
1156 2423 1228 2506 tum

131 2535 305 2616 postquam
339 2547 420 2611 qnae
454 2524 577 2591 Romae
610 2525 651 2590 ad
681 2527 805 2592 bellum
827 2524 1011 2590 necessaria
1040 2532 1231 2618 praeparata

132 2645 244 2702 essent
265 2635 541 2728 enumeravitpde
565 2635 887 2721 Carthaginiensium
909 2635 1009 2700 verba
1031 2633 1110 2698 facit
1131 2656 1228 2721 appa-

130 2752 214 2811 ratu.
259 2743 382 2810 Earum
404 2767 514 2840 rernm
540 2767 613 2810 cum
636 2745 821 2832 Polybiane
853 2745 996 2809 narratio
1019 2743 1060 2808 ad
1082 2752 1228 2808 nostram

132 2863 272 2919 aetatem
313 2875 379 2920 non
419 2855 605 2944 pervenerit
644 2864 772 2921 certum
813 2856 854 2946 de
896 2854 1040 2920 fontibus
1081 2851 1227 2918 Livianis

130 2963 223 3027 ferri·
242 2985 308 3028 non
332 2973 440 3052 potest
475 2963 642 3030 iudicium.
706 2963 779 3029 Neo
817 2986 910 3029 secus
948 2962 982 3028 in
1015 2962 1227 3048 sequentibus

130 3093 187 3138 res
221 3095 257 3136 se
287 3073 432 3158 habetll.
477 3075 529 3140 Ibi
566 3073 653 3139 enim
685 3095 759 3138 cum
794 3071 834 3138 de
866 3072 1000 3138 foedere
1033 3079 1110 3156 agat
1141 3069 1228 3136 inter

74 3197 77 3204 “
129 3179 322 3267 Philippum
351 3205 466 3269 regem
489 3180 707 3248 Macedonum
728 3181 1016 3268 Hannibalemque
1040 3181 1114 3262 icto,
1138 3181 1226 3266 frag·

131 3294 277 3351 mentum
297 3287 517 3374 Polybianum
546 3309 738 3376 comparare
762 3289 851 3373 licet,
880 3288 1024 3354 foederis
1053 3289 1228 3354 formulam

131 3394 349 3482 continens4).
393 3399 505 3482 Atque
541 3406 577 3460 ut
608 3398 753 3464 breviter
775 3419 856 3484 quae
880 3398 961 3462 ratio
994 3399 1081 3464 inter
1103 3409 1226 3464 utrum-

132 3524 196 3590 que
219 3513 384 3568 auctorem
404 3503 588 3570 intercedat
609 3505 804 3590 significem,
816 3505 977 3589 Polybius
995 3517 1227 3593 praeterquam

130 3612 219 3699 quod
241 3615 342 3680 multo
367 3615 529 3702 copiosior
556 3610 606 3683 est
628 3616 722 3682 Livio
747 3626 843 3702 atque
866 3617 1068 3700 accuratior,
1101 3617 1225 3682 duabus

233 3879 259 3945 1)
278 3876 348 3930 conf.
367 3875 624 3933 Weissenbornium
642 3879 679 3934 ad
696 3897 720 3934 e.
740 3883 774 3936 30
791 3881 898 3946 §1-6.

231 3975 257 4041 2)
275 3991 298 4028 c.
318 3976 352 4029 30
370 3979 385 4039 ξ
405 3976 519 4032 18-32.
665 3971 668 3978 ’

231 4069 258 4140 3)
280 4087 303 4124 e.
322 4073 435 4128 33-34.

230 4168 259 4235 4)
277 4166 387 4222 Behker
408 4167 467 4235 llll,
487 4173 511 4226 9.
