2834 4608
722 205 766 274 28

199 383 447 460 Alemandream
479 397 606 462 misisse
623 395 658 480 ¹).
702 399 806 464 Porro
841 421 913 463 oum
936 397 1095 484 Polybius
1128 395 1303 483 duplicem

199 501 420 568 Romanorum
441 505 482 570 ad
505 505 747 593 Hieronymum
769 507 869 574 fuisse
895 507 1094 592 legationem
1116 505 1302 570 memoriae
1390 573 1391 576 ,

198 614 327 703 prodat,
349 615 461 682 Livius
484 617 525 681 de
550 641 616 683 una
636 621 859 687 tantummodo
881 622 983 686 verba
1005 620 1095 702 facit,
1117 628 1304 707 propterea

201 725 328 812 opinor,
351 727 426 810 quia
454 726 548 792 nimis
580 727 753 816 indignum
784 731 905 818 populo
926 729 1072 796 Romano
1095 728 1222 810 habuit,
1245 749 1303 792 re-

199 833 270 920 guli
302 835 390 900 illius
422 836 614 902 societatem
646 838 799 926 precibus
833 839 1042 924 efflagitasse.
1085 837 1221 903 Eisdem
1258 837 1304 901 de

200 943 307 1008 oausis
323 945 533 1034 conloquium
558 947 643 1012 inter
665 948 792 1036 legatos
808 947 1116 1034 Hieronymumque
1139 947 1304 1030 habitum,

200 1071 316 1142 parum
338 1055 557 1122 honorificum
582 1057 745 1140 Romanis,
767 1055 878 1123 Livius
899 1059 1044 1122 breviter
1065 1057 1172 1144 potius
1197 1056 1304 1142 signi·

199 1162 327 1246 fioevit,
368 1187 465 1250 quam
501 1177 650 1232 accurate
685 1167 726 1230 ad
748 1167 924 1253 Polybiani
960 1165 1160 1254 exemplaris
1197 1165 1303 1230 fidem

200 1272 355 1338 exaravit.
398 1273 493 1338 Idem
518 1297 590 1340 oum
611 1276 732 1342 multus
757 1277 799 1340 sit
819 1275 978 1363 Polybius
997 1276 1032 1341 in
1053 1275 1299 1341 Leontinorum

199 1381 290 1447 urbia
313 1381 375 1446 situ
399 1385 607 1472 exponendo,
631 1385 671 1451 de
697 1386 820 1452 eisdem
843 1389 941 1452 rebus
966 1385 1220 1474 disputationem
1252 1385 1303 1451 ais

201 1491 483 1581 circumscriptam
506 1495 653 1587 exhibuit
675 1496 836 1578 cancellis,
857 1507 894 1562 ut
918 1497 981 1562 nisi
1005 1518 1088 1582 quae
1110 1496 1321 1572 necessaria¹

199 1608 294 1664 erant
316 1600 358 1664 ad
383 1601 501 1686 locum,
523 1625 595 1688 quo,
610 1604 836 1691 Hieronymus
854 1629 883 1692 ,a
905 1603 1080 1670 coniuratis
1101 1603 1301 1668 interfectus

201 1718 282 1792 erat,
311 1709 543 1797 definiendum,
575 1713 809 1780 nihilomnino
833 1715 1035 1798 Polybianae
1066 1713 1301 1802 descriptionis

198 1818 234 1884 in
256 1803 349 1884 suum
371 1843 466 1885 nsum
490 1831 704 1888 converteret.

213 1913 216 1920 ⁴
284 1929 377 2013 Quae
400 1929 539 1994 sumita
567 1929 642 2014 sint,
675 1952 718 1996 ne
739 1955 758 1994 a
786 1952 867 1996 vero
891 1931 1040 1996 aberrem
1078 1952 1143 1996 non
1166 1953 1300 2014 vereor,

201 2038 227 2103 si
261 2039 405 2104 eiusdem
427 2039 562 2105 rationis
595 2039 735 2125 vestigia
766 2039 1023 2129 deprehendisse
1059 2040 1138 2105 mihi
1171 2042 1302 2126 videor,

202 2170 265 2233 qua
286 2147 458 2214 Nissenius
492 2149 652 2237 exemplis
684 2159 840 2236 equarta
872 2158 906 2214 et
938 2149 1049 2236 quinta
1079 2149 1203 2214 decade
1224 2173 1303 2218 con-

198 2257 294 2322 lectis
315 2257 447 2323 Initium
468 2259 502 2323 in
526 2257 657 2326 Graeco
684 2259 806 2345 Polybi
841 2280 992 2324 sermone
1022 2258 1181 2324 vertendo
1204 2283 1301 2325 usum
1390 2273 1391 2278 ’

202 2385 274 2429 esse
314 2363 435 2430 do'ouit.
496 2367 674 2452 Postquam
710 2365 750 2431 de
783 2375 888 2431 morte
916 2364 1113 2452 Hieronymi
1146 2369 1303 2456 exposuit

202 2473 362 2560 Polybius
396 2475 590 2562 suffragium
621 2475 753 2540 videtur
783 2475 896 2540 tulisse
928 2475 970 2539 de
999 2475 1064 2540 vita
1093 2485 1125 2540 et
1148 2477 1298 2542 moribus

200 2583 344 2668 tyranni.
386 2575 622 2670 Fragmentum
646 2586 732 2650 enim
757 2583 1050 2650 eOonstantiniani
1073 2586 1181 2674 operis
1203 2587 1301 2652 titulo

200 2693 279 2778 περὶ
299 2685 418 2780 ἀρετῆς
435 2694 490 2760 καὶ
510 2693 623 2774 κακίας
647 2695 854 2781 desumptum
878 2693 964 2781 apud
984 2695 1175 2760 Bekkerum
1206 2705 1301 2762 extat

201 2827 276 2892 pag.
292 2803 355 2869 554
373 2827 403 2868 v.
415 2803 466 2887 24,
491 2803 581 2870 cuius
605 2804 685 2870 haao
700 2805 771 2870 fare
787 2826 911 2870 summa
928 2813 986 2886 est,
1008 2814 1044 2869 ut
1060 2803 1301 2888 Hieronymum

273 3061 300 3127 1)
319 3057 364 3111 Ad
382 3073 442 3112 eam
459 3058 631 3128 legationem
648 3057 724 3112 haud
738 3057 796 3112 scio
817 3075 852 3112 an
870 3057 1039 3128 pertineant,
1061 3075 1130 3126 quae
1150 3057 1181 3110 in
1199 3059 1300 3130 eapitis

200 3145 292 3209 XXVI
319 3153 498 3227 paraprapho
530 3155 618 3223 prima
640 3155 737 3210 Livius
757 3154 867 3209 scribit:
896 3152 1027 3207 Heraclia
1048 3157 1109 3207 erat
1126 3152 1184 3208 filia
1202 3153 1300 3210 Hiero·

200 3251 253 3316 nis,
274 3267 349 3305 uxor
366 3250 475 3320 Zoippi,
496 3251 544 3320 qui
562 3251 672 3321 legatus
698 3250 734 3305 ad
761 3268 855 3321 regem
874 3250 1065 3306 Ptolemaeum
1084 3249 1182 3303 missus
1202 3252 1299 3305 volun-

200 3347 305 3402 tarium
321 3324 497 3402 consciuerat
508 3347 630 3401 exilium.
666 3347 822 3407 Tumoerte
838 3347 908 3402 illud
929 3343 1103 3419 ,,ἇδελφοὺς“
1122 3346 1156 3401 de
1170 3364 1299 3402 sororum

201 3443 310 3497 maritis
331 3447 405 3497 esset
422 3443 650 3513 intellegendum.
687 3443 756 3497 Eius
775 3443 908 3512 loquendi
920 3459 986 3495 usus
1004 3457 1068 3496 oum
1087 3442 1213 3514 exempla
1231 3443 1300 3497 mihi

201 3557 259 3594 non
277 3543 391 3611 praesto
410 3540 475 3605 sint,
496 3557 530 3594 eo
547 3539 680 3606 adducor,
698 3543 732 3594 ut
750 3539 835 3594 etiam
853 3539 919 3594 huie
938 3539 1000 3593 loco
1017 3539 1173 3593 labeculam
1191 3557 1208 3592 a
1225 3556 1298 3593 com-

201 3635 321 3707 pilatore
338 3635 500 3706 adspersam
518 3652 579 3690 essa
596 3635 716 3700 credam,
745 3636 914 3705 praesertim
939 3651 1122 3704 camporum
1146 3634 1184 3688 sit
1202 3634 1298 3690 verisi-

200 3731 274 3796 mile,
294 3732 415 3787 strictim
434 3731 627 3794 tantummodo
636 3731 784 3800 Polybium
803 3747 864 3784 eam
876 3730 1045 3802 legationem
1061 3729 1199 3800 tetigisse,
1218 3730 1296 3784 Gete-

200 3847 264 3886 rum
285 3829 316 3884 in
340 3832 475 3902 promptu
499 3833 544 3884 est
560 3829 722 3885 coniectura
748 3828 961 3899 compilatorem
978 3829 1131 3898 propterea
1148 3825 1296 3897 neglegen-

201 3929 304 3984 tiorem
337 3925 423 3982 fuisse
451 3927 480 3982 in
513 3925 606 3982 verbis
632 3926 732 3996 Polybi
764 3925 943 3995 exhibendis,
977 3943 1013 3980 ns
1047 3925 1116 3979 duas
1142 3923 1296 3995 legationes

202 4023 393 4080 confunderet.
429 4025 527 4094 Itaque
550 4023 580 4076 in
601 4022 655 4078 elio
673 4022 794 4078 fortasse
815 4025 949 4092 excerpto
968 4019 1160 4091 delegatione
1179 4020 1294 4073 Alexan-

202 4122 298 4178 dream
317 4122 400 4175 missa
417 4121 559 4192 copiosius
580 4121 616 4176 ad
635 4121 781 4188 Polybiani
799 4119 967 4188 exemplaris
984 4117 1068 4172 fidem
1088 4115 1250 4188 disputavit.
