2834 4608
701 213 741 278 72

76 421 78 426 ’
171 389 296 484 spectat
320 397 541 482 fragmentum
575 395 790 483 Polybianum
815 394 902 485 apud
925 393 1119 461 Bekkerum
1146 394 1195 473 10,
1219 391 1272 456 32.

171 503 240 571 Sed
257 505 388 572 Livium
409 507 471 573 hee
491 489 566 572 loco
594 507 702 572 lentes
731 499 879 572 secutum
910 525 980 570 esse
1003 501 1196 569 vernaculos
1221 500 1270 567 di-

171 615 373 703 screpantiee
389 624 421 680 te
437 617 603 682 docebunt
624 614 709 681 inter
725 624 899 698 utrumque
922 583 1163 677 intercedentes
1185 610 1270 675 hae·

169 717 241 802 ἰΊας
261 718 319 789 δύο
339 725 394 790 καὶ
414 720 694 812 χροσφομοὶχοοςχ
680 717 764 806 μετὰ
782 724 849 788 τῶν
870 715 1138 810 ῥαβδοφόρων’
1109 743 1157 798 εις
1175 713 1273 804 τριά-

170 856 269 898 κοντα
298 823 453 916 λαβόντες
482 837 631 919 προῆγον
661 832 820 938 Polybius
846 832 992 915 exhibet,
1021 839 1133 896 contra
1153 829 1271 896 Livius

170 963 245 1006 eum
269 942 431 1028 equitibus
454 941 592 1026 CCXX,
612 932 729 1028 inquit,
751 963 794 1030 en
811 941 927 1026 quibus
950 938 1168 1026 quadraginta
1187 938 1271 1005 Fre-

66 1100 69 1104 .
170 1049 304 1136 gellani,
326 1051 427 1118 'ceteri
454 1049 586 1118 Etrusci
609 1060 720 1134 erant,
747 1050 1009 1139 proficiscuntur.
1053 1045 1147 1113 Idem
1183 1069 1273 1112 unus

170 1158 213 1224 A.
236 1160 394 1228 Manhum
401 1205 410 1240 ‚
428 1161 466 1228 L
483 1161 662 1227 Arrenium
684 1169 716 1225 et
736 1159 921 1229 M’Aulium
942 1167 1069 1224 secutos
1093 1177 1164 1222 esse
1186 1179 1270 1222 nun·

171 1267 244 1333 ciat
285 1269 390 1334 Porro
406 1268 490 1334 nihil
507 1269 637 1334 omnino
660 1266 702 1333 de
721 1265 872 1360 infaustis
894 1264 958 1330 illis
981 1265 1143 1331 ominibus
1168 1264 1272 1350 P·on

171 1376 242 1442 bius
265 1357 370 1443 tradit.
395 1377 480 1445 conf.
495 1377 569 1444 Liv.
587 1375 800 1456 XXVI513.
826 1375 984 1444 Ceterum
998 1374 1088 1461 quod
1102 1373 1273 1466 triplicem

171 1485 221 1551 rei
242 1495 355 1572 gestae
387 1485 548 1551 rationem
570 1483 722 1552 coelium
745 1483 957 1573 Antipatrum
988 1482 1129 1550 edidisse
1154 1481 1272 1547 Livius

171 1602 318 1670 testetur,
343 1616 418 1661 eum
442 1593 549 1683 ipsum
571 1594 635 1659 hec
656 1593 734 1659 loco
750 1593 822 1659 veri
845 1605 895 1659 est
923 1593 1030 1660 simile
1048 1590 1125 1674 Liri
1149 1588 1270 1655 ducem

171 1699 272 1766 fuisse
293 1699 494 1788 primarium.
539 1701 581 1784 In
601 1699 812 1813 sequentibus
836 1713 909 1766 eum
931 1699 973 1784 de
994 1696 1220 1796 Hannibalis
1210 1721 1271 1764 rm-

172 1819 251 1896 petu
273 1809 307 1874 in
328 1809 492 1896 Salapiam
514 1809 599 1875 facto
620 1809 735 1875 Livius
749 1802 925 1874 memoriae
948 1808 1065 1897 prodat
1081 1807 1182 1873 verba
1201 1806 1269 1872 Ρο·

169 1917 303 2003 lybiana
322 1942 341 1983 a
362 1917 464 1987 Suida
477 1921 555 2004 ¹)tr
525 1911 644 1985 tradita
665 1921 816 1987 conferre
830 1919 925 1984 licet:
942 1940 975 1984 οι
996 1908 1268 2002 δεκαταρράκτας

170 2019 226 2105 olle
253 2017 342 2108 εἶχον
373 2019 482 2130 ὀλίγον
513 2025 660 2114 ἐξωτέρω
699 2021 754 2093 δια
781 2021 1029 2113 μηχανημάτων
1050 2017 1266 2111 α’νημμὲνοος,

173 2131 338 2223 αἰφνίδιον
354 2125 503 2222 καθῆκαν
520 2135 575 2201 καὶ
596 2131 806 2219 ἐπεβάλοντο,
827 2130 880 2200 καὶ
900 2129 1037 2213 τοτ’ντοος
1057 2127 1272 2216 κατασχόντες

170 2239 237 2328 πρὸ
260 2247 319 2310 τοῦ
339 2244 467 2326 τείχους
496 2235 767 2312 οἷντσκολόνιιοαν.
811 2243 936 2330 Quibus
959 2244 1162 2334 respondent
1185 2265 1270 2330 quae

170 2350 284 2418 Livius
306 2349 405 2418 habet
425 2352 460 2416 in
482 2354 599 2442 capitis
620 2349 777 2420 XXVIII
799 2353 1005 2443 paragrapho
1027 2351 1079 2418 X:
1107 2359 1269 2418 cataracta

172 2461 301 2527 obiecta
324 2463 433 2528 clausa
455 2474 533 2529 erat.
576 2463 657 2530 Eam
672 2457 799 2552 ¹partim
824 2464 969 2530 vectibus
994 2465 1116 2546 lerant,
1147 2459 1268 2550 partim

170 2569 301 2635 funibus
330 2557 515 2636 subducunt
543 2571 577 2638 in
608 2579 732 2650 tantum
759 2557 960 2652 altitudinis,
988 2579 1025 2635 ut
1046 2569 1155 2636 subire
1176 2579 1267 2636 recta

170 2687 315 2764 possent,
338 2685 370 2742 et
384 2700 467 2765 quae
488 2690 652 2746 secuntur.
677 2671 882 2766 Quamquam
906 2701 981 2745 cum
995 2679 1090 2758 nimis
1109 2677 1267 2764 exiguum

171 2773 225 2846 stt*
240 2783 465 2870 fragmentum
491 2775 595 2870 illud,
625 2786 745 2853 certius
772 2787 830 2851 vix
859 2797 939 2874 puto
963 2786 1003 2852 de
1029 2786 1172 2853 lontibus
1191 2785 1268 2852 Livi

170 2888 324 2957 iudicium
346 2891 568 2980 ferri-posse.¹
600 2881 710 2958 Aliter
729 2914 784 2958 res
806 2915 843 2958 se
863 2892 961 2957 habet
981 2893 1016 2957 in
1039 2893 1097 2977 eis,
1121 2914 1203 2979 quae
1225 2892 1268 2958 de

52 3029 57 3042 ·
170 2999 259 3066 bello
282 3010 394 3067 eontra
415 2998 608 3090 Philippum
625 2991 847 3088 gestoLirius
863 3009 976 3068 narrat
984 3005 1020 3080 Β).
1053 2999 1157 3070 Nobis
1182 2999 1268 3066 enim

170 3109 350 3174 accuratius
372 3110 472 3177 verba
493 3105 630 3176 Liviana
656 3099 945 3198 perlustrantibus,
974 3107 1047 3174 fieri
1069 3130 1135 3173 non
1160 3117 1269 3194 potest

171 3216 248 3301 quin
283 3217 382 3282 multa
413 3217 578 3285 Graecum
608 3219 732 3282 fontem
757 3213 941 3282 redolentia
972 3224 1155 3281 occurrant.
1215 3215 1268 3280 Ita

171 3347 197 3390 e.
210 3323 251 3389 20
274 3326 322 3405 §9
337 3325 450 3391 Aetoli
464 3324 570 3410 inquit
586 3323 723 3390 naribus
739 3345 798 3412 per
816 3325 938 3389 fretum
955 3321 1044 3409 quod
1058 3320 1266 3408 Naupactum

171 3442 203 3498 et
228 3431 341 3498 Patras
362 3433 520 3498 interfluit
544 3471 583 3480 —
607 3428 728 3516 Rhium
751 3431 878 3498 incolae
905 3438 1021 3519 vocant
1049 3431 1268 3520 -nexereitu

171 3541 307 3608 traiecto
329 3552 392 3608 etc.
423 3540 544 3608 *Porro
565 3527 656 3606 cs32
677 3543 696 3622 ᾗ
717 3543 739 3606 4
762 3539 882 3606 deinde
904 3549 1071 3608 contracto
1093 3541 1157 3606 iam
1179 3540 1266 3606 inter
1347 3604 1352 3620 ,

169 3643 309 3716 Aetolos
323 3659 356 3716 et
370 3647 491 3715 Trallis
506 3686 544 3698 -
559 3648 753 3735 Illyriorum
763 3646 797 3714 id
809 3657 859 3715 est
872 3660 988 3734 genus,
1004 3685 1043 3696 -
1059 3671 1086 3716 e.
1095 3647 1137 3714 32
1149 3649 1196 3729 §⁷
1210 3668 1268 3736 po·

171 3767 258 3824 stere
279 3757 333 3824 die
351 3757 392 3824 ad
410 3758 581 3824 castellum
603 3797 641 3808 —
658 3760 809 3844 Pyrgum
823 3766 942 3824 vocant
962 3794 1000 3806 -
1023 3757 1132 3845 copias
1153 3777 1264 3823 omnes

270 3993 298 4059 1)
317 3991 417 4046 Suidas
434 3986 486 4048 s‘ub
503 4009 570 4047 voce
589 3991 711 4064 ἡμμένοι
728 3993 839 4048 Beklrer
858 3995 899 4057 10,
920 3996 964 4048 33.

269 4087 608 4156 mmmnme
