2834 4608
622 285 662 350 13

96 465 215 534 Caelio
241 467 443 558 desumptam
467 490 536 534 esse
562 467 812 536 Weissenborni
831 468 1008 557 probabilis
1032 471 1091 535 'est
1111 489 1187 535 con·

82 575 223 644 ‘iectura
246 579 280 662 1).

180 685 277 752 Sicut
300 687 412 753 Livius
434 687 468 750 in
492 704 530 751 ea
553 687 763 753 historiarum
783 696 876 776 parte
901 710 1014 754 manus
1035 685 1190 752 abstinuit

93 819 112 860 a
135 795 289 882 Polybio,
325 797 369 862 ita
398 819 438 862 ne
471 807 655 863 ceterorum
678 798 811 885 quidem
837 807 1018 880 auctorum,
1041 788 1189 883 'quorum

96 904 137 970 de
159 905 289 970 eisdem
322 907 422 972 rebus
454 907 508 972 vel
540 906 661 994 integri
685 907 759 972 lihri
792 908 845 972 vel
865 907 1050 992 fragmenta
1071 906 1189 972 misere

94 1023 249 1080 truncata
274 1013 314 1078 ad
330 1025 471 1081 nostram
494 1027 630 1082 aetatem
654 1026 884 1104 pervenerunt,
905 1017 973 1080 ulla
993 1015 1192 1103 Polybianae
1215 1081 1221 1090 ,

94 1122 296 1189 narrationis
320 1145 398 1210 prae
424 1149 458 1190 sc
482 1127 592 1191 ferunt
614 1125 765 1210 insignia.
809 1125 997 1214 Appianum
1021 1123 1190 1190 enimfon·

95 1229 183 1296 tibus
206 1231 364 1298 Romanis
385 1257 480 1298 usum
501 1255 582 1318 esse,
605 1243 833 1321 praeterquam
859 1234 946 1319 quod
971 1233 1072 1298 multa
1092 1232 1192 1297 habet

31 1322 36 1330 ⁸
96 1339 170 1407 cum
194 1341 291 1409 Livio
328 1344 512 1408 communia
538 1343 790 1428 narratiunculis
822 1343 970 1431 inprimis
1003 1343 1190 1428 comproba·

93 1457 149 1514 tur
182 1446 350 1517 annalium
383 1453 560 1541 scriptores
594 1453 835 1536 redolentibus,
869 1475 951 1538 quae
983 1451 1190 1519 inhumanam

95 1555 296 1643 Hannibalis
332 1559 554 1626 crudelitatem
588 1561 749 1648 exemplis
781 1547 946 1626 illustrent
956 1560 993 1646 ²).
1051 1557 1192 1624 Accedit

97 1665 385 1748 quodAcilianae
416 1668 465 1750 illi
499 1670 629 1734 fabulae
665 1679 803 1756 cognata
834 1649 997 1752 videntur,
1033 1689 1116 1754 quae
1151 1666 1193 1733 de

98 1774 304 1862 captivorum
343 1777 508 1862 legatione
543 1776 650 1842 tradit.
711 1777 868 1858 Quamvis
906 1777 992 1842 enim
1027 1774 1192 1862 duplicem

99 1902 170 1948 eam
203 1883 303 1950 fuisse
334 1885 482 1972 ignoret,
519 1895 627 1951 umen
656 1910 729 1952 cum
761 1887 860 1952 trium
890 1888 1074 1974 legatorum
1095 1883 1194 1952 faciat

97 1993 298 2059 mentionem
334 2002 385 2076 ter
410 1993 485 2059 illos
515 1995 693 2080 significari
728 2005 984 2060 consentaneum
1016 2001 1075 2078 est,
1112 2011 1193 2078 quos

97 2099 236 2190 insuper
270 2103 397 2168 venisse
431 2103 559 2170 Acilius
595 2116 792 2172 narraverat.
851 2107 974 2172 Eorum
1009 2102 1193 2192 principem

99 2211 188 2294 quod
214 2209 274 2278 On.
297 2211 527 2298 Sempronium
552 2208 706 2301 appellat,
734 2223 844 2278 contra
868 2212 979 2278 Livius
1001 2213 1038 2278 L.
1063 2211 1193 2282 Scribo·

99 2320 206 2403 nium,
233 2319 269 2386 O.
291 2319 518 2408 Calpurnium,
549 2322 587 2388 L.
611 2322 775 2388 Manlium
799 2344 855 2388 eos
877 2323 976 2386 fuisse
997 2323 1109 2404 refert,
1136 2341 1194 2386 *ve-

99 2450 174 2495 reor
197 2451 239 2494 ne
261 2430 406 2519 Appiani
434 2432 669 2518 neglegentiae
694 2441 789 2518 atque
809 2432 952 2496 incuriae
976 2451 1106 2496 omnem
1128 2451 1195 2496 mo·

101 2537 178 2604 dum
203 2540 392 2628 saepissime
426 2539 599 2606 excedenti
628 2541 835 2607 tribuendum
865 2539 915 2605 sit.
960 2539 1120 2608 Similiter
1153 2539 1194 2605 de

100 2647 240 2715 Diodori
257 2654 283 2733 8)
311 2649 448 2716 ethssi
462 2650 614 2734 Dionis4)
636 2650 842 2716 statuendum
863 2671 933 2716 esse
957 2648 1194 2716 narrationibus
1265 2692 1269 2703 v

82 2845 85 2850 Ι
101 2779 175 2822 cum
193 2759 332 2844 exiguae
346 2781 458 2826 eorum
474 2783 554 2846 quae
570 2769 681 2826 extant
700 2760 857 2846 reliquiae
870 2760 964 2824 nobis
986 2758 1194 2847 persuadent,

100 2873 170 2934 turn
189 2867 337 2932 Zonaras
346 2868 373 2952 ὅ)
399 2891 479 2958 opus
501 2879 550 2934 cst
573 2869 776 2936 documento.
801 2869 907 2952 Quem
923 2867 1031 2935 Dione
1058 2867 1103 2931 ita
1123 2887 1195 2932 esse

101 2996 214 3056 usum,
227 2973 230 2980 ’
245 2987 282 3041 ut
305 2977 366 3042 alia
388 2978 656 3064 transscriberet,
688 2978 750 3042 alia
770 2977 1047 3067 praetermitteret
1076 2975 1138 3066 alia
1160 2975 1195 3041 in

101 3083 235 3150 brevius
269 3087 475 3154 contraheret
506 3085 561 3154 W.
585 3087 628 3155 A..
651 3086 889 3168 Schmidtiust)
921 3085 1103 3154 certissime
1130 3085 1196 3152 cvi·

104 3193 158 3261 cit.
205 3193 323 3282 Neque
344 3195 441 3261 aliter
462 3196 503 3260 de
524 3196 701 3262 Plutarcho
718 3197 744 3281 ⁷)
769 3196 978 3262 iudicandum
1002 3196 1064 3265 erit
1085 3193 1195 3284 quiin

105 3301 321 3370 describenda
337 3303 581 3391 perturbatione
596 3305 718 3372 Romae
736 3315 809 3394 post
825 3327 971 3394 pugnam
988 3303 1196 3373 Cannensem

110 3445 306 3460 0———n—-u—

175 3497 203 3566 1)
222 3495 294 3562 conf.
317 3495 436 3550 Gellium
455 3499 499 3560 10,
518 3499 561 3562 24,
583 3501 607 3552 6.

177 3595 203 3661 2)
224 3591 369 3662 Appianas
387 3591 422 3647 de
442 3593 516 3648 bello
534 3591 718 3648 Hannibalieo
736 3593 796 3662 VII,
820 3597 862 3650 28.

176 3690 205 3756 3)
223 3689 331 3744 Diodor
348 3691 391 3754 26,
412 3691 455 3745 23.
481 3737 483 3741 .
836 3709 839 3717 ¹

176 3788 204 3852 4)
222 3780 276 3838 Dic
296 3784 372 3838 Cass.
392 3787 434 3852 57,
452 3789 495 3842 36.

173 3881 206 3951 h)
222 3880 345 3936 Zonaras
363 3884 388 3945 9,
406 3883 432 3936 1.
864 3935 867 3940 ,
1124 3906 1132 3925 1
1179 3931 1181 3936 .

176 3977 203 4046 6)
218 3977 262 4032 W.
282 3977 315 4032 A.
333 3977 458 4032 Schmidt
474 3978 508 4032 dc
526 3977 794 4046 fontibus20narae,
817 3975 952 4031 Zeitschr.
970 3975 990 4030 f.
1010 3974 1197 4029 Alterthums-

108 4073 178 4133 wiss.
196 4074 239 4128 ed.
258 4074 460 4130 Zimmermann
479 4077 547 4131 1839
565 4094 592 4146 p.
604 4077 671 4142 238.

179 4175 206 4240 7)
222 4171 367 4226 Plutarchi
393 4171 497 4227 Fabius
517 4175 558 4228 16.
