2834 4608
739 231 782 312 20

215 418 342 505 saepius
360 441 433 483 cum
449 419 669 484 testimonium
683 420 851 508 proferret
870 418 1046 484 Liuianum
1068 438 1109 482 ne
1128 414 1315 502 inspexisse

216 527 348 612 quidem
373 521 514 612 Liviumj
539 550 598 592 eur
628 549 694 594 non
717 529 814 594 etiam
844 527 879 594 in
900 527 1064 593 veteribus
1085 522 1273 590 referendis
1297 545 1314 590 e

214 635 371 704 memoria
390 636 530 702 reddere
554 636 705 724 potuerit,
729 657 811 721 quae
832 637 918 724 apud
933 635 1062 702 Livium
1084 635 1225 721 legerat,
1248 655 1313 717 ego

213 767 281 811 non
302 767 467 832 assequor.
508 745 561 812 Ne
586 745 657 828 quis
680 745 765 810 enim
785 744 876 809 illam
899 753 1028 833 premat
1048 741 1315 831 discrepantiam,

216 852 304 939 quod
324 852 437 919 Livius
461 853 526 919 duo
549 853 639 919 milia
662 862 695 920 et
717 853 924 939 octingentos
946 855 1087 920 hostium
1109 874 1219 917 caesos
1243 872 1316 918 esse

213 971 324 1028 narrat
347 972 459 1028 contra
476 963 687 1029 Plutarchus:
709 960 853 1048 λέγονται
874 963 980 1047 inquit
1001 958 1085 1048 ὑπὲρ
1107 983 1316 1042 πεντακισχι-

213 1071 300 1150 λίσυς
321 1063 516 1157 ἀποθανεῖν,
537 1071 725 1138 memineris
748 1071 847 1137 velim
864 1071 993 1138 Livium
1015 1070 1049 1136 iu
1073 1072 1175 1137 altera
1199 1093 1316 1160 pugna

213 1182 301 1269 apud
331 1181 452 1247 Nolam
481 1183 650 1248 commissa
679 1183 762 1270 (cap.
776 1183 819 1248 46
841 1182 859 1262 ἓ
878 1183 911 1265 4)
936 1191 969 1247 et
990 1181 1097 1269 ipsum
1121 1180 1197 1267 plus
1219 1180 1316 1266 quin·

214 1313 278 1378 que
300 1291 389 1357 milia
411 1291 554 1356 hostium
572 1313 666 1358 caesa
690 1292 856 1358 nunciare.
892 1289 1089 1357 Confudisse
1113 1289 1216 1375 igitur
1234 1289 1316 1355 Plu-

213 1401 364 1466 tarchum
386 1422 540 1468 numeros
563 1425 581 1465 a
603 1401 707 1467 Livio·
727 1402 843 1467 allatos
867 1401 969 1467 multo
991 1408 1040 1466 est
1066 1401 1137 1464 veri
1162 1399 1316 1481 similius,

216 1532 313 1598 quam
335 1531 377 1577 ex
397 1509 459 1576 alio
492 1509 581 1575 fonto
602 1519 702 1576 totam
729 1530 859 1598 pugnae
890 1508 1144 1598 descriptionem
1176 1508 1316 1596 petitam

214 1641 295 1686 esse.
329 1619 398 1688 Sed
419 1619 500 1686 haec
522 1621 690 1687 hactenns.
725 1618 823 1686 Nunc
846 1622 955 1708 paucis
977 1621 1074 1686 etiam
1096 1619 1314 1708 Appianum)

212 1730 343 1796 videtur
366 1729 576 1816 attingendus
600 1731 654 1817 qui
677 1753 751 1796 cum
777 1729 904 1796 omittat
925 1729 1034 1796 omnia
1057 1752 1096 1794 ea
1122 1754 1139 1794 a
1160 1727 1258 1794 Livio
1284 1738 1316 1794 et

213 1839 390 1904 Plutarcho
413 1838 534 1904 tradita
556 1839 662 1905 obiter
684 1839 887 1926 percurrisse
911 1842 1019 1906 fontes
1037 1862 1112 1906 suos
1132 1849 1166 1904 et
1187 1838 1222 1904 in
1240 1839 1316 1904 bre-

215 1949 287 2016 vius
311 1949 513 2014 contraxisse
537 1948 699 2037 putandus
722 1959 781 2014 est.

311 2058 352 2124 In
384 2059 489 2146 eapite
518 2058 618 2124 XXX
652 2081 726 2124 cum
757 2057 916 2123 Peteliam
938 2081 957 2122 a
980 2056 1316 2142 Carthaginiensibus

213 2177 433 2256 expugnatam
467 2189 538 2234 esse
574 2165 688 2234 Livius
723 2176 852 2250 narret,
893 2167 927 2231 in
959 2166 1145 2252 fragmento
1178 2165 1236 2231 illo
1274 2167 1315 2232 ab

213 2276 385 2368 Athenaeo
398 2277 424 2361 ²)
449 2285 577 2341 servato
602 2277 693 2342 cuius
723 2299 821 2363 supra
848 2275 913 2341 iam
938 2275 1075 2341 fecimus
1101 2274 1315 2358 mentionem,

93 2437 96 2442 .
215 2387 256 2452 de
270 2386 385 2452 eadem
400 2407 437 2452 re
459 2385 595 2473 exponit
608 2383 776 2469 Polybius.
801 2385 912 2470 Atque
937 2407 1011 2450 eum
1034 2384 1178 2471 quidem,
1200 2407 1313 2470 quam·

213 2494 268 2560 ris
295 2493 446 2560 similiter
476 2493 644 2562 Petelinos
677 2492 720 2558 ad
748 2502 927 2558 extremam
965 2493 1110 2580 inopiam
1140 2493 1313 2560 obsidione

217 2603 368 2670 redactos
401 2625 472 2668 esse
501 2602 618 2683 tradat,
649 2611 756 2668 tamen
786 2602 933 2688 alioquin
961 2603 1095 2670 aLivio
1121 2602 1314 2692 discrepare

213 2734 310 2778 nemo
339 2735 405 2778 non
436 2709 537 2776 videt.
592 2711 724 2778 Etenim
754 2735 828 2777 cum
852 2711 966 2779 Livius
996 2710 1152 2800 oppidum
1185 2711 1315 2798 aliquot

212 2831 288 2910 post
307 2821 474 2886 mensibus
498 2842 594 2904 quam
614 2830 729 2907 coepta
750 2821 933 2910 oppugnari
957 2831 1041 2891 esset
1064 2821 1104 2885 ab
1121 2819 1313 2887 Himilcone

101 2983 104 2990 .
213 2930 408 2997 Hannibalis
432 2929 598 3018 praefecto
625 2940 849 3016 expugnatum
878 2951 950 2996 esse
980 2930 1175 3010 narraverit,
1206 2931 1315 3018 Poly-

214 3041 286 3106 bius
308 3039 476 3106 Petelinos
510 3040 697 3124 affirmavit,
730 3039 882 3105 undecim
913 3041 1073 3106 mensium
1103 3040 1313 3108 obsidionem
1394 3031 1395 3090 ἕ

213 3171 336 3237 passos
363 3150 497 3235 abipso
529 3149 715 3216 Hannibale
745 3151 780 3214 in
811 3149 1012 3216 deditionem
1044 3160 1198 3239 acceptos
1229 3173 1312 3219 esse.

215 3261 422 3344 Quamquam
451 3282 530 3325 num
561 3260 698 3348 propius
728 3260 769 3326 ad
801 3260 875 3326 Livi
905 3259 1150 3326 similitudinem
1181 3260 1315 3347 integra

214 3367 337 3454 Polybi
368 3369 508 3434 narratio
541 3369 735 3454 accesserit,
768 3390 898 3436 omnem
930 3369 1039 3437 animo
1073 3370 1313 3438 dubitationem

215 3479 314 3544 eximi
335 3502 402 3544 non
417 3500 514 3568 posse
529 3501 594 3544 non
610 3501 682 3544 snm
697 3478 836 3544 nescius.
867 3479 976 3545 Valde
996 3481 1082 3545 enim
1099 3480 1310 3547 Athenaeum

215 3587 397 3675 Polybiane
418 3589 519 3654 verba
540 3587 576 3651 in
597 3587 730 3654 brevius
755 3586 958 3653 contraxisse
973 3587 1006 3652 in
1028 3593 1141 3676 aperto
1164 3597 1222 3654 est.
1247 3589 1311 3656 Ce·

214 3705 321 3762 terum
342 3719 514 3786 quemnam
534 3706 702 3763 auctorem
715 3696 925 3786 Appianus³)
946 3696 981 3763 in
1004 3695 1119 3764 eadem
1149 3718 1186 3762 re
1218 3719 1311 3765 enar·

314 3954 342 4020 1)
363 3951 482 4021 Appian.
499 3951 619 4008 Hannib.
638 3957 749 4012 27-29.
782 3993 785 4002 ›

240 4071 243 4076 ·
267 4103 270 4106 .
315 4047 343 4120 2)
360 4048 469 4104 Bekker
487 4067 514 4119 p.
534 4051 595 4108 650.

314 4147 342 4216 3)
359 4146 470 4215 Appian
488 4163 511 4202 c.
530 4150 572 4204 29.
