2834 4608
644 273 685 340 33

116 455 211 522 Hero
236 454 336 520 tradit
357 477 504 543 sperasse
526 454 625 522 duces
648 456 810 523 Romanos
841 456 927 522 intra
948 457 1097 541 quintum
1121 457 1210 526 diem

116 590 153 632 se
168 565 355 652 ¹Syracusas
381 576 627 654 expugnaturos
660 587 731 632 esse
756 567 863 632 omisit
882 567 1006 634 Livius.
1050 567 1142 636 Idem
1168 568 1210 634 de

115 676 209 763 App.
235 674 371 741 Claudio
401 675 584 762 posteriore
616 675 748 740 demum
776 677 848 741 loco
880 656 979 742 rerba
1009 677 1099 744 feeit.
1142 676 1211 758 Sed

115 795 155 850 ut
176 783 217 849 ad
239 807 277 850 ee
299 806 485 872 pergamus,
518 784 558 849 de
585 785 700 870 quibus
730 787 851 852 certius
878 789 999 874 poterit
1028 788 1108 853 ferri
1131 789 1211 854 iudi·

114 893 205 959 cium
229 893 371 980 phimum
397 913 568 959 numerum
600 895 730 974 navium
761 896 847 985 apud
877 896 1007 962 Livium
1029 898 1142 963 deesse
1164 899 1210 963 vi-

116 1003 290 1068 domasa
323 1003 480 1069 Marcello
513 1002 554 1068 ad
588 984 811 1070 Achradinam
844 1007 1055 1072 admotarum.
1124 1007 1210 1073 Nam

116 1113 286 1197 murum1)
320 1112 441 1198 inquit,
472 1112 526 1197 qui
551 1123 682 1178 utente
715 1115 925 1198 dictumest,
960 1117 1042 1182 mari
1068 1116 1212 1182 adluitur

117 1223 414 1310 quinqueremibus
425 1222 603 1288 Marcellus
619 1227 838 1310 oppugnabat.
881 1225 995 1310 Pergit
1005 1225 1211 1313 paragrapho

117 1333 250 1420 quinta:
272 1355 313 1398 ex
337 1333 475 1398 caeteris
498 1333 635 1400 navibus
660 1333 809 1418 sagittari
830 1333 1075 1422 funditoresque
1105 1347 1138 1402 et
1159 1359 1213 1402 ve·

115 1440 194 1506 lites
214 1439 323 1516 etiam,
355 1461 492 1524 quorum
525 1441 625 1506 telum
659 1442 700 1506 ad
730 1440 967 1507 remittendum.
996 1442 1141 1508 inhabile
1164 1453 1213 1509 est

117 1550 292 1638 imperitis,
321 1549 379 1614 vix
399 1571 593 1638 quemquam
614 1551 648 1616 in
672 1573 764 1618 muro
788 1552 857 1618 sine
877 1553 1012 1618 volnere
1036 1553 1213 1633 consistere

116 1661 334 1749 patiebantur.
378 1660 417 1724 In
448 1661 589 1726 lectione
615 1662 659 1726 ita
693 1686 711 1726 a
737 1662 902 1728 codicibus
934 1662 1078 1728 exhibita
1100 1684 1212 1728 recen-

115 1770 218 1836 tiores
243 1768 317 1835 Livi
341 1769 482 1834 editores
503 1769 792 1837 Weissenbornius
822 1781 854 1835 et
877 1771 1032 1836 Hertzius
1064 1771 1213 1838 offende-

117 1889 205 1946 runt.
248 1879 302 1946 Ac
326 1878 614 1946 Weissenbornius
649 1881 781 1967 quidem
813 1881 885 1946 fieri
919 1903 987 1946 non
1024 1903 1120 1966 posse
1153 1881 1207 1963 ait,

118 1989 199 2076 quin
230 2009 385 2053 numerus
415 1989 710 2076 quinqueremium,
743 1990 858 2075 quibus
882 1990 1060 2057 Marcellus
1081 2013 1210 2057 murum

117 2098 360 2187 oppugnaverit
395 2119 413 2162 e
443 2106 535 2164 textu
565 2099 728 2164 excidisse
758 2098 920 2186 putandus
942 2099 994 2164 sit.
1037 2098 1153 2186 Itaque
1178 2109 1212 2165 et

115 2209 189 2295 ipae
213 2217 245 2272 et
265 2205 420 2273 Hertzius
444 2230 517 2273 cum
539 2231 719 2289 numerum,
749 2231 846 2295 quem
872 2209 1044 2293 sexaginta
1066 2209 1166 2275 fuisse
1194 2231 1211 2276 e

3 2319 4 2322 ’
116 2316 261 2402 Polybio
290 2327 493 2405 compertum
513 2318 671 2384 hahemus
694 2319 739 2384 ita
760 2318 794 2382 in
816 2327 909 2383 textu
928 2319 1141 2400 collocarunt,
1179 2328 1213 2383 ut

117 2425 318 2491 scriberent:
355 2424 567 2492 Achradinae
592 2449 731 2502 murum,
765 2426 822 2511 qui
850 2437 885 2491 ut
909 2435 983 2490 ante
1007 2426 1130 2492 dictum
1155 2435 1214 2508 cst,

116 2534 203 2601 mari
252 2533 395 2600 adluitur
436 2533 498 2601 LX
535 2536 823 2623 quinqueremibus
866 2536 1045 2604 Marcellus
1086 2559 1216 2625 oppug-

122 2645 224 2710 nabat
257 2653 289 2708 et
323 2666 405 2730 quae
429 2653 594 2710 secuntur.
637 2640 680 2710 Et
706 2667 784 2709 sane
810 2643 941 2729 quidem
963 2646 1123 2711 ablativus
1155 2644 1213 2708 ille

122 2753 416 2838 quinqueremibus
456 2777 522 2818 non
552 2753 663 2818 addito
697 2776 851 2834 numero,
889 2754 953 2818 alio
984 2754 1081 2820 modo
1114 2753 1215 2839 signi-

116 2863 233 2928 ficaret
268 2862 448 2946 Syracusas
481 2865 682 2951 oppugnatas
714 2883 785 2927 esse
815 2861 1115 2949 quinqueremibus,
1149 2860 1215 2927 alio

116 2993 162 3036 ex
185 2970 303 3035 ceteris
326 2971 474 3036 navibus.
519 2971 589 3036 Iam
626 2992 704 3036 vero
735 2971 881 3051 offensio,
915 2994 1010 3056 quam
1040 2991 1211 3036 removere

116 3078 318 3146 studuerunt
355 3079 415 3144 viri
453 3079 557 3161 docti,
599 3102 640 3144 ne
670 3079 878 3162 remanserit,
913 3078 1064 3166 equidem
1084 3100 1212 3144 vereor.

116 3188 252 3256 Etenim
286 3210 359 3253 cum
393 3188 617 3256 intellexerint
670 3189 779 3254 locum
811 3211 878 3255 non
912 3188 957 3252 ita
991 3197 1212 3274 comparatum

119 3319 194 3363 csse
233 3306 270 3360 ut
302 3299 552 3382 quinqueremes
589 3296 725 3381 ,ceteris
751 3297 907 3363 navibus“
948 3297 1117 3382 oppositae
1140 3295 1216 3376 sint,

117 3429 192 3473 non
229 3420 398 3492 assequor,
444 3405 606 3494 quomodo
654 3405 736 3471 illud
773 3427 815 3471 ex
850 3404 969 3471 ceteris
1002 3405 1138 3470 navibus
1171 3405 1218 3470 in·

119 3515 297 3604 terpretari
334 3515 509 3604 potuerint.
563 3515 649 3580 Nam
669 3516 773 3602 ,quod
812 3505 891 3579 dicit
919 3513 1219 3597 Weissenbornius,

121 3625 227 3689 verba
241 3647 316 3707 ·,‚cx
339 3623 625 3689 ceteria'navibus“
647 3601 881 3708 apalmiam
904 3645 973 3688 esse
994 3620 1220 3705 intellegenda

119 3743 156 3801 et
178 3734 352 3800 referenda
372 3733 427 3798 ad:
459 3735 561 3818 ,aliae
582 3733 679 3798 binae
704 3733 833 3797 iunctae
857 3733 1109 3819 quinqueremes
1132 3731 1215 3820 (par.
1288 3777 1290 3781 ,

118 3845 194 3925 VI),
217 3844 295 3910 mihi
319 3867 357 3910 ea
380 3844 617 3931 interpretandi
640 3845 724 3908 ratio
746 3837 878 3931 prorsus
902 3841 1032 3906 videtur
1062 3824 1215 3906 intolera-

120 3953 207 4020 bilis.
252 3953 344 4018 Voce
366 3952 451 4016 enim
486 3951 559 4037 ,hi“
592 3973 676 4036 quae
699 3961 790 4017 extat
822 3951 855 4014 in
878 3948 1076 4036 paragraphi
1102 3957 1216 4013 sextae

127 4119 324 4134 ...uuna—unm—

197 4196 222 4266 1)
238 4195 299 4251 niv.
324 4213 349 4251 ο.
367 4197 403 4250 aa
419 4195 435 4266 s
451 4197 479 4250 4.
