2852 4610
705 97 748 158 30

160 269 245 348 sint,
268 287 334 333 non
353 263 496 332 additur.
538 264 600 331 Est
631 266 733 349 igitur
761 272 830 332 tam
856 265 940 331 exile
968 270 1005 333 et
1023 269 1122 332 ωηο
1149 246 1308 330 nmrandi

162 395 283 460 genus,
314 378 352 439 ut
383 393 456 438 cum
477 391 516 438 eo
540 370 747 460 foute,quem
770 393 870 458 supra
889 372 1085 452 invenimus,
1107 369 1306 436 nullomodo

161 481 343 564 comparari
364 480 468 564 possit
482 477 534 563 ⁸⁰).

251 589 367 672 ltaque
388 587 416 653 si
439 586 480 652 ad
506 607 545 652 ea
565 587 772 670 respicimus,
795 607 879 671 quae
901 587 942 653 de
963 587 1062 653 rebus
1083 607 1105 651 a
1124 585 1159 652 P.
1182 583 1306 653 (lorne-

161 696 207 762 lio
227 694 376 780 Scipione
397 693 431 759 in
453 693 613 778 Hispania
634 694 737 776 gestis
751 700 938 773 narrantur,
949 693 1184 778 profitebimur,
1197 693 1307 758 omnia

162 805 220 870 uui
240 803 322 869 fonti
343 802 466 881 deberi,
491 802 571 868 satis
595 801 681 867 bono
703 802 872 886 dignoque,
893 823 988 887 quem
1009 801 1119 868 Livius
1140 807 1305 885 sequatur.

163 911 254 977 Idem
274 931 350 977 vero
374 909 446 977 fons
470 931 491 974 a
509 909 643 994 Polybio
665 917 842 993 usurpatus
865 916 925 990 est,
948 909 1032 975 unde
1055 913 1210 994 apparet,
1233 929 1306 974 eum

160 1039 225 1086 non
233 1003 370 1084 malmin
381 1018 423 1084 ab
436 1017 627 1084 aetatebelli
639 1017 891 1083 Punici-distare.
904 1015 1016 1083 -Sed
1027 1014 1175 1082 haecbao
1189 1021 1308 1096 tenus;

160 1132 228 1214 jam
250 1133 456 1194 transeamus
478 1127 520 1192 ad
542 1125 678 1192 alteram
701 1128 898 1210 quaestionis
912 1147 933 1191 a
947 1124 1040 1192 nobis
1052 1125 1223 1192 institutae
1231 1142 1306 1209 par·

163 1241 230 1301 tem
255 1239 354 1319 atque
375 1233 629 1318 contemplemur
650 1235 870 1300 narrationem
892 1253 1001 1299 rerum
1022 1235 1058 1298 in
1079 1231 1187 1298 Africa
1201 1253 1223 1297 a
1240 1231 1308 1298 Sei·

163 1344 260 1427 piene
282 1347 457 1426 gestarum.

250 1449 288 1514 In
309 1448 393 1514 libro
414 1448 516 1533 igitur
537 1447 659 1528 XXIX,
681 1469 754 1512 cum
776 1447 902 1514 nullum
923 1451 1138 1533 fragmentum
1160 1447 1309 1534 Polybia-

163 1577 241 1624 num
263 1563 381 1637 metet,
402 1556 491 1639 qnod
513 1577 584 1621 cum
609 1556 699 1622 Liuio
712 1557 891 1639 comparari
905 1558 1019 1642 possIt,
1032 1557 1230 1641 pedetentim
1246 1557 1311 1623 erit

168 1663 451 1749 progrediendum.
494 1662 557 1728 Sed
586 1683 659 1730 cum
691 1681 732 1728 ea
752 1659 896 1730 Nissenii
924 1664 1127 1749 aliorumque
1148 1662 1311 1730 sententia

163 1772 311 1838 videatur
331 1772 477 1855 proxime
499 1770 541 1835 ad
563 1771 732 1836 verimtem
754 1769 928 1852 accedere,
949 1791 1033 1854 quae
1054 1769 1181 1838 Lirium
1201 1769 1235 1836 in
1259 1793 1311 1837 so·

166 1879 207 1946 lis
229 1880 326 1945 rebus
348 1878 504 1944 Graeciae
515 1878 684 1944 emundis
708 1899 806 1961 opere
828 1878 1003 1964 Polybiane
1024 1899 1118 1945 usum
1140 1899 1211 1946 esse
1232 1901 1311 1946 con·

166 1987 281 2069 tendit,
303 1988 413 2053 statim
437 1986 480 2052 ab
502 1987 597 2053 initio
617 2007 684 2053 uon
705 1986 1026 2068 uerisimileuideiur,
1048 1987 1082 2052 in
1103 1986 1199 2054 rebus
1221 1987 1311 2054 Afri-

167 2115 224 2162 cae
245 2095 366 2162 fontem
388 2093 599 2180 Polybianum
619 2095 755 2160 inveniri
775 2115 883 2178 posse.

255 2204 302 2268 Ae
334 2202 474 2286 primum
504 2201 651 2286 quidem,
685 2201 773 2285 quod
796 2201 838 2266 ad
860 2221 887 2266 c.
915 2205 941 2280 l,
968 2203 1073 2266 1-18
1094 2201 1244 2285 pertinet,
1267 2199 1311 2266 ad

167 2324 341 2394 quemnam
363 2308 485 2375 fontem
498 2329 536 2374 ea
557 2309 729 2375 reseranda
752 2309 828 2388 sint,
840 2307 985 2374 dubitari
1005 2309 1119 2392 possit.
1153 2308 1215 2374 Sed
1233 2307 1311 2373 hae·

166 2435 275 2484 murus
297 2417 331 2484 in
352 2438 379 2483 c.
405 2421 433 2497 l,
459 2420 499 2482 12
513 2416 570 2482 ubi
592 2415 699 2500 Scipio
720 2415 862 2499 legiones
884 2416 1061 2500 inspexisse
1073 2416 1221 2481 dicituru
1243 2415 1313 2481 An·

167 2531 221 2590 tea
251 2525 335 2590 enim
355 2524 393 2592 L.
410 2524 576 2605 XXVIIH,
609 2529 663 2604 45,
687 2523 808 2589 anihil
830 2525 893 2589 nisi
914 2545 1012 2590 naves
1034 2525 1064 2592 ei
1084 2524 1230 2592 decretas
1241 2545 1313 2590 esse

167 2631 368 2714 audivimus,
390 2631 531 2716 atqueL.
539 2631 683 2714 XXVIII,
695 2637 747 2714 45,
766 2634 804 2697 13
820 2651 892 2697 eum
916 2631 1068 2699 dilectum
1088 2653 1194 2717 neque
1212 2633 1312 2716 impe·

167 2747 292 2821 truse,
313 2761 419 2825 neque
439 2761 635 2824 magnopere
663 2740 849 2806 tetendisse.
898 2739 992 2820 Quod
1022 2741 1145 2808 inuidia
1174 2741 1314 2808 maxime

169 2848 320 2915 factionis
341 2848 508 2914 Fabianae
529 2849 648 2914 factum
671 2869 752 2930 esse,
774 2850 808 2914 in
831 2856 946 2933 aperto
968 2856 1037 2932 est;
1060 2855 1187 2916 etcum
1210 2847 1313 2917 Weis-

170 2955 625 3022 senborniusinanuotatione
635 2956 677 3022 ad
690 2955 746 3023 lib.
755 2955 871 3039 XXIX,
904 2963 943 3040 l,
970 2962 1010 3023 12
1033 2958 1313 3041 demonstraverit,

169 3063 395 3130 Cannensibus
415 3061 595 3147 legionibus
618 3063 778 3145 abductis,
800 3064 917 3131 milites
939 3066 974 3131 in
994 3064 1106 3132 Sicilia
1127 3065 1312 3150 nonfuisse,
1415 3079 1416 3148 3

171 3172 315 3255 exceptis
325 3170 483 3255 Scipionis
503 3170 742 3248 uoluntariis⁸¹l
766 3193 860 3239 nemo
881 3193 960 3274 sene
978 3173 1110 3255 ridebit,
1137 3195 1219 3259 quas
1237 3197 1314 3242 nam

243 3331 288 3398 30)
307 3328 350 3382 Ita
366 3327 500 3383 fluctuant
517 3329 642 3384 locorum
661 3329 781 3400 nomina,
799 3347 831 3386 ac
849 3346 893 3384 res
911 3330 987 3384 omni
1004 3347 1076 3385 nexu
1093 3331 1132 3386 ita
1149 3332 1259 3388 interae
1270 3350 1315 3388 oa·

169 3423 247 3485 rent,
264 3425 295 3475 ut
312 3403 431 3489 alicuem
453 3420 592 3475 homiuem
621 3421 732 3476 doctum
757 3421 883 3476 mutilam
900 3421 972 3478 Livii
993 3423 1177 3482 narrationem
1196 3442 1315 3494 quoquo·

169 3513 253 3571 modo
277 3513 445 3583 repamuisse
467 3518 557 3584 putes.
602 3514 651 3571 alr.
675 3532 743 3584 quae
767 3531 791 3570 c.
809 3517 894 3584 41,a
923 3516 959 3571 de
982 3515 1084 3572 Castris
1102 3517 1172 3572 albis
1190 3517 1315 3590 legimus.

168 3606 290 3678 iliturgis
308 3623 334 3662 e.
351 3607 396 3670 81,
414 3610 447 3677 83
467 3605 582 3678 Bigerra
599 3624 624 3663 c.
643 3610 688 3671 41,
708 3609 758 3678 113
782 3609 887 3663 IIunda
904 3608 962 3664 sive
978 3609 1074 3664 blinda
1096 3625 1123 3664 c.
1141 3612 1188 3664 42.
1207 3613 1242 3678 13
1261 3611 1315 3666 Au·

169 3699 231 3755 rina
248 3699 292 3755 rel
308 3698 444 3769 Auringis,
462 3697 579 3770 Orongis
598 3703 652 3754 etc.
688 3716 713 3755 e.
737 3702 773 3755 42
800 3701 827 3754 5.
845 3699 918 3755 Galli
944 3718 969 3756 c.
987 3704 1032 3766 42,
1051 3703 1123 3756 6-8
1142 3705 1190 3756 aut
1207 3703 1315 3774 conjec-

175 3797 238 3848 tura
259 3792 288 3846 iu
315 3792 439 3848 ordinem
463 3797 659 3862 pervenerunt,
689 3797 737 3848 aut
755 3797 884 3863 corrupta
902 3798 981 3864 sunt,
1008 3798 1056 3849 aut
1073 3794 1139 3864 quid
1158 3794 1211 3850 sibi
1228 3796 1316 3852 uelint

171 3897 226 3938 non
243 3885 367 3951 apparet.
437 3931 441 3940 .
1270 3925 1272 3928 -

169 4029 173 4038 ,
243 3974 290 4040 31)
308 3973 442 4043 Legiones
453 3977 545 4031 autem
556 3973 587 4030 1.
598 3974 704 4044 XXIX,
730 3976 759 4042 l,
778 3977 1053 4033 recommemorata
1072 3991 1127 4031 non
1150 3974 1317 4035 vohrntarIos

171 4066 235 4123 illos
253 4081 320 4134 esse,
338 4083 401 4124 oum
419 4066 548 4136 Scipione
564 4069 594 4122 iu
611 4067 733 4124 Sicilianm
751 4067 885 4137 traiectos
904 4084 938 4122 ex
954 4067 1055 4138 XXIX,
1073 4071 1099 4135 1,
1116 4071 1143 4138 1,
1160 4067 1315 4126 ubivoluu·

171 4158 235 4214 larii
258 4157 418 4220 ordmantur
441 4165 471 4216 et
494 4160 690 4225 cauteriantem,
709 4164 738 4215 et
755 4177 789 4214 ex
806 4176 832 4214 o.
850 4161 894 4229 24,
906 4162 947 4214 Id
965 4163 1089 4230 apparet,
1101 4160 1148 4218 ubi
1160 4160 1315 4230 legionibus

171 4251 365 4307 attribuuntur.
387 4280 416 4290 —
