2834 4608
649 242 691 311 25

106 453 281 543 scriptore
294 453 571 520 narratiunculam
594 476 665 520 eam
677 455 823 521 hausisse
846 454 922 520 inde
954 454 1034 520 lioet
1057 454 1218 538 conicere,

25 635 28 642 Δ
107 563 205 652 quod
251 587 322 630 rem
359 565 540 632 mirabilem
578 589 674 651 quam
708 587 840 653 pugnae
874 565 1020 650 equestri
1059 564 1218 651 quosdam

109 674 280 741 adiecisse
305 674 439 740 annales
461 675 574 742 Livius
588 676 612 757 ¹)
635 683 780 755 testatur,
805 673 928 760 etipse
958 672 1103 739 exbibet.
1148 671 1218 740 Sed

105 809 151 852 ne
178 785 318 851 Livium
343 783 473 868 quidem
500 807 519 848 a
547 782 692 849 fontibus
712 784 888 860 recessisse
910 783 1097 850 vernaculis
1129 780 1218 867 equi-

104 895 186 960 dem
211 893 294 959 mibi
318 894 474 982 persuasi.
518 894 615 976 Quod
640 894 784 981 quamvis
807 915 872 960 non
894 895 939 959 ita
960 893 1063 980 possit
1084 892 1217 958 demon·
1313 951 1316 956 .

103 1003 230 1087 strati,
264 1013 300 1068 ut
322 1003 425 1068 omnis
449 1003 605 1069 dubitatio
628 1025 762 1068 neeesse
797 1002 839 1068 sit
871 1003 1018 1068 funditus
1051 1001 1217 1083 abiciatur,

102 1122 227 1179 tamen
251 1137 325 1178 oum
345 1112 379 1178 in
414 1114 625 1200 sequentibus
655 1135 739 1198 quae
772 1113 813 1178 de
843 1116 942 1179 rebus
968 1111 1143 1200 Campanis
1163 1111 1217 1176 Li-

104 1223 185 1288 vius
214 1223 362 1309 exponit,
400 1245 474 1288 eum
505 1223 675 1314 discepare
711 1223 891 1310 aPolybio
924 1221 1134 1287 inconfesse
1167 1219 1218 1303 sit,

105 1331 196 1418 quin
222 1332 320 1397 etiam
355 1332 395 1398 de
427 1333 587 1398 hocloco
619 1333 725 1398 simile
759 1333 952 1419 suffragium
980 1332 1021 1400 sit
1043 1330 1219 1396 ferendum

109 1465 181 1507 non
203 1441 330 1508 dubito.
372 1441 444 1508 Nee
467 1465 562 1510 secus
585 1444 645 1509 erit
665 1442 823 1508 iudicium
846 1441 888 1506 de
912 1440 1069 1508 extremis
1091 1440 1217 1506 duobus

110 1553 291 1642 capitibus,
315 1553 432 1641 quibus
455 1553 495 1619 de
516 1555 616 1620 rebus
637 1551 769 1619 urbanis
791 1551 942 1641 exponit.

512 1913 640 1983 Liber
665 1912 815 1984 XXIV.

199 2108 241 2173 In
264 2105 405 2194 proximi
434 2105 510 2172 libri
536 2106 630 2172 initio
653 2105 725 2172 eum
746 2105 868 2173 Locros
895 2109 935 2171 ¹et
958 2104 1140 2173 Crotonem
1163 2104 1220 2170 de·

109 2218 236 2284 fecisse
255 2239 273 2280 a
294 2215 447 2282 Romanis
470 2215 583 2282 Livius
605 2227 725 2298 narret,
762 2239 836 2281 eum
860 2214 1032 2303 repetiisse
1067 2225 1213 2303 apparet,

111 2350 199 2415 quae
223 2327 287 2392 iam
309 2336 403 2391 antea
425 2325 459 2390 in
480 2325 599 2415 prioris
621 2325 697 2392 libri
722 2326 828 2414 eapite
849 2325 950 2392 XXX
974 2307 1171 2394 exhibuerat
1180 2325 1218 2408 ²).

110 2436 233 2523 Itaque
255 2427 411 2500 hocloco
436 2445 490 2526 aut
514 2435 614 2500 alium
648 2445 747 2520 atque
782 2445 879 2500 antea
913 2442 1081 2500 auctorem
1101 2419 1247 2500 adiisse

111 2545 278 2634 putandus
303 2553 363 2630 est,
386 2554 442 2610 aut
460 2544 654 2633 scriptorem
676 2556 807 2611 secutus
833 2554 891 2624 est,
916 2544 976 2631 qui
998 2543 1219 2609 narrationem

112 2679 206 2721 suam
228 2656 327 2720 robus
347 2655 493 2740 undique
519 2655 676 2722 conlectis
698 2679 813 2743 parum
837 2655 917 2720 scite
941 2653 1170 2720 conformavit.

202 2763 319 2847 Pergit
337 2764 371 2831 in
395 2763 609 2852 sequentibus
632 2763 672 2827 ad
695 2785 749 2829 res
769 2762 804 2828 in
826 2761 940 2831 Sicilia
962 2757 1072 2846 gestas
1085 2761 1122 2845 ⁸).
1153 2759 1217 2826 Eo·

114 2869 194 2935 dem
223 2878 349 2958 spectat
369 2868 489 2956 Polybi
520 2869 753 2955 fragmentum,
790 2869 877 2956 quod
909 2891 926 2934 e
952 2867 1217 2937 Constantiniani

115 2980 227 3069 operis
257 2980 351 3046 titulo
385 2981 463 3066 περὶ
494 2981 670 3067 πρέσβεων
704 2981 911 3068 desumptum
948 2979 1042 3068 typis
1072 2979 1215 3068 primum

116 3090 285 3177 evolgavit
308 3090 450 3160 Ursinus
459 3095 497 3176 4).
541 3091 720 3158 Praeterea
753 3091 817 3156 huc
846 3083 1058 3156 referendum
1090 3088 1220 3153 videtur

116 3211 311 3289 excerptum
344 3201 456 3266 oodioe
478 3201 640 3271 Urbinate
673 3202 950 3289 comprehensum
980 3199 1021 3264 de
1044 3197 1219 3263 Leontino·

118 3332 194 3374 rum
216 3310 307 3375 urbis
332 3310 394 3376 situ
409 3313 448 3396 ⁵).
491 3311 604 3396 Atque
629 3311 691 3377 hoo
717 3310 848 3398 quidem
876 3311 948 3375 loeo
971 3303 1221 3394 Livium'Poly-

117 3418 252 3484 bianum
276 3421 478 3505 expressisse
500 3421 679 3509 exemplar,
702 3423 774 3486 fore
788 3429 824 3485 ut
847 3419 946 3484 etiam
972 3417 1082 3488 invitis
1107 3427 1216 3484 extor-

119 3549 237 3613 queam
260 3528 482 3596 assensionem
512 3549 576 3614 ego
609 3528 749 3595 confido.
794 3528 944 3595 Primum
965 3528 1053 3596 enim
1083 3547 1219 3591 monen-

192 3765 217 3833 1)
237 3763 300 3818 Liv.
321 3765 364 3820 47.
385 3765 401 3837 ἓ
419 3768 444 3821 Β.

115 3885 120 3894 ·
191 3860 219 3932 2)
238 3858 312 3914 eonf-
331 3861 546 3918 Weissenborn:
567 3865 602 3918 ad
623 3869 707 3935 eaput
725 3866 745 3918 1.

190 3959 217 4026 3)
238 3956 298 4012 Liv.
318 3975 346 4012 os
362 3960 440 4024 4-7,
461 3963 486 4015 9.

190 4054 218 4124 4)
237 4051 345 4108 Bekker
364 4053 424 4123 VII,
444 4060 483 4109 2„
498 4059 522 4111 5.

192 4150 220 4219 ὁ)
238 4148 348 4205 Bekker
366 4151 425 4215 VII,
446 4154 471 4206 6.
