2852 4610
694 1 734 65 36

118 163 339 250 peditionihus
367 163 562 247 invenimus,
594 165 778 235 cohaerent.
839 167 972 236 Accedit
1002 168 1109 235 eliudr
1140 171 1175 234 et
1206 187 1261 233 res

118 273 428 358 Carthaginiensium
462 281 613 342 accurate
641 278 747 344 autori
777 277 924 361 cognitae
944 283 1037 356 sunt,
1067 275 1183 358 XXIX,
1207 279 1260 358 23,

120 388 140 446 4
185 382 401 466 praesertimi
451 389 485 448 et
532 383 692 467 Scipionis
745 385 953 452 calliditatem
1000 385 1083 452 bene
1133 383 1260 452 eodem·

120 512 183 573 que
228 490 360 556 consilio
406 490 555 573 exponit,
588 511 653 575 quo
697 493 730 558 in
776 492 934 560 seditione
978 497 1158 560 castrorum
1181 491 1260 558 Suc·

120 597 303 664 rorensium
330 597 365 661 L.
399 597 514 678 XXIX,
552 603 612 680 24,
637 604 733 665 2--7.
777 601 946 685 Polybium
968 605 1076 668 autam
1098 621 1163 666 uon
1186 621 1261 666 esse

122 707 243 774 fontem
264 725 337 770 eum
358 725 464 770 rerum
489 726 588 771 nexus
610 727 670 790 per
692 726 727 773 se
749 707 881 787 iudicat,
903 713 974 772 tum
995 729 1079 791 quae
1101 729 1127 774 c.
1151 710 1205 788 24,
1222 709 1259 770 11

120 815 207 877 -14
228 809 271 876 de
293 808 436 894 legendis
458 809 613 876 militibus
637 831 676 876 ex
697 811 878 896 legionibus
894 811 1129 894 Cannensibus,
1145 811 1263 896 quinta

117 923 274 997 etsexta,
298 917 339 984 de
361 917 457 982 sociis
480 915 589 983 Latini
610 918 749 984 nominis
773 939 798 983 c.
822 923 874 1000 24,
899 919 941 982 14
963 917 1159 1000 offerentum
1181 937 1261 1002 qua·

115 1027 160 1092 lia
181 1025 268 1111 apud
290 1024 459 1110 Polybium
480 1046 545 1092 non
568 1026 675 1093 solent
696 1027 770 1112 legi.
794 1063 837 1078 -··

203 1133 324 1200 Allatis
346 1133 573 1200 nonnullorum
596 1135 760 1202 annalium
783 1135 1009 1220 discrepamiis
1030 1133 1067 1199 L.
1083 1133 1263 1214 XXthd,

118 1244 219 1320 1--4;
242 1241 389 1324 sequitur
411 1239 586 1324 descriptio
609 1243 767 1308 transitus
794 1243 827 1308 in
849 1241 1007 1309 Africam.
1062 1243 1170 1326 Atque
1197 1242 1263 1310 hac

117 1349 246 1434 quidem
280 1351 314 1414 in
336 1369 371 1412 re
395 1347 503 1414 Liuius
525 1347 646 1415 fontem
668 1358 822 1434 usurpet,
843 1349 1003 1416 diversum
1026 1349 1259 1434 chenonem

118 1478 145 1522 c.
170 1461 300 1522 23-24
332 1457 530 1539 inspexerat.
585 1457 645 1535 Qui
675 1455 732 1524 ubi
765 1458 917 1543 incipiat,
945 1458 1086 1526 fortasse
1116 1457 1263 1526 dubitari

117 1565 240 1650 possit,
262 1564 339 1647 quia
360 1584 387 1628 c.
411 1566 453 1628 25
476 1583 554 1629 sane
576 1565 692 1649 aliquis
713 1563 755 1632 ad
781 1567 921 1650 priorem
942 1565 1067 1632 iontem.
1094 1567 1262 1650 pertinere

117 1672 215 1741 dicat.
260 1670 324 1736 Sed
347 1669 425 1736 mibi
447 1691 488 1736 ne
510 1693 537 1736 c.
562 1677 602 1736 25
627 1673 757 1757 quidem
778 1694 849 1738 cum
872 1693 910 1738 co
933 1673 1060 1739 videtur
1075 1673 1260 1757 cohaerere,

122 1800 195 1846 cum
218 1786 353 1863 propter
375 1777 456 1844 alias
478 1779 632 1860 rationes,
655 1785 725 1844 tum
747 1781 823 1864 quia
843 1779 1009 1845 annalium
1033 1779 1261 1864 discrepantiis

118 1887 258 1968 additis,
280 1885 390 1953 Livius
412 1887 483 1970 ipse
504 1887 600 1970 qussi
621 1906 735 1953 novam
757 1895 884 1971 partem
911 1887 989 1954 oriri
1010 1887 1144 1954 indicat.
1193 1888 1258 1955 De·

119 1995 194 2062 inde
221 2016 297 2062 vero
333 2015 361 2060 c.
392 1999 449 2075 25,
485 1999 525 2060 10
554 1993 671 2060 dicitur
699 1993 744 2059 M.
771 1995 905 2061 Porcius
933 1993 1066 2077 Gatoll)
1103 2001 1262 2080 quaestor

120 2103 280 2187 Scipionis
326 2101 443 2181 fuisse,
486 2103 521 2168 in
564 2102 604 2169 iis
648 2107 777 2182 autem,
828 2123 912 2186 quac
950 2107 1144 2186 sequuntur,
1177 2123 1260 2170 nnn·

117 2232 215 2296 quam
226 2209 309 2275 (lato
322 2209 465 2288 affertur,
481 2211 535 2276 sed
551 2209 732 2294 legimusL.
744 2209 844 2292 XXX,
869 2213 920 2292 33,
943 2210 1119 2277 amorum
1140 2231 1262 2294 quaes-

115 2325 219 2386 torem
241 2316 361 2384 factum
385 2337 455 2382 esse
478 2322 577 2402 atque
599 2321 692 2383 extra
716 2317 862 2383 ordinem
884 2317 1025 2401 quidem,
1038 2317 1124 2402 quod
1138 2320 1262 2403 optime
1332 2317 1336 2322 ’

116 2447 187 2494 cum
200 2447 239 2494 eo
247 2427 405 2505 conuenit,
418 2425 504 2510 quod
523 2424 725 2494 Plutarchus
749 2425 830 2492 (lato
852 2446 879 2507 c,
901 2430 931 2507 3,
954 2429 974 2491 8
994 2426 1103 2507 hahet,
1122 2426 1166 2495 M.
1178 2425 1265 2493 Por·-

71 2585 82 2598 .
119 2537 202 2602 cium
226 2555 246 2601 a
268 2533 377 2600 Sicilia
397 2533 531 2600 Romam
554 2533 706 2616 rediisse,
728 2555 834 2620 nequa
858 2553 930 2600 enm
952 2533 1101 2618 Scipione
1112 2535 1146 2602 in
1171 2535 1261 2602 Afri·

114 2664 185 2710 cam
218 2662 287 2710 esse
300 2641 489 2726 profectum.
526 2641 612 2708 Fons
640 2647 754 2710 contra
785 2643 900 2727 capitis
918 2643 959 2708 25
972 2641 1205 2710 Lir.(iatonem
1224 2643 1263 2710 in

115 2750 260 2818 Africam
291 2747 584 2832 transgredientem
614 2748 711 2830 lacit3
736 2753 800 2832 '25,
834 2752 886 2816 10.
928 2747 1000 2814 Dici
1022 2756 1129 2816 autem
1151 2749 1261 2834 debet,

120 2858 255 2938 Livium,
279 2858 362 2922 siin
385 2857 494 2940 ronse,
518 2879 612 2942 quem
633 2859 668 2923 in
692 2858 850 2947 Scipionis
872 2857 1075 2942 expeditione
1095 2859 1262 2926 namanda

118 2971 248 3035 secutus
271 2971 331 3047 est,
353 2966 497 3050 legisset,
520 2965 677 3032 Ontonem
699 2987 738 3032 ex
760 2965 892 3047 Africa,
914 2986 979 3031 non
1001 2987 1042 3033 ex
1064 2966 1176 3035 Sicilia
1196 2968 1262 3039 ira·

116 3079 186 3139 tum
219 3074 354 3139 Romam
383 3071 533 3152 rediisse,
565 3073 626 3138 hoc
655 3078 791 3158 propter
819 3073 1071 3156 magnitudinem
1101 3074 1162 3140 uiri
1194 3087 1262 3142 non

116 3181 216 3248 luisse
247 3181 450 3245 omissurum.
500 3180 618 3263 Itaque
648 3179 777 3246 videtur
807 3199 883 3246 sane
913 3177 986 3246 lons
1008 3181 1123 3265 capitis
1146 3185 1188 3248 25
1210 3203 1260 3266 sq.

119 3286 333 3355 aPlutarcho
360 3287 548 3368 dissentire,
584 3286 656 3354 fons
690 3307 816 3368 eorum,
851 3307 934 3371 quae
966 3293 1163 3371 sequuntur,
1185 3311 1263 3356 oon-

118 3397 248 3464 sentire.
296 3461 300 3468 .

206 3503 289 3568 Tum
304 3521 380 3568 vero
402 3523 429 3568 c.
453 3506 514 3584 25,
540 3507 579 3568 12
601 3503 746 3588 legimns,
780 3503 961 3587 Scipionem
994 3502 1190 3587 imperasse,
1222 3506 1261 3570 ut

117 3633 215 3681 nares
237 3611 392 3695 Emporia
422 3609 604 3678 tenderent.
648 3633 677 3678 c.
698 3617 750 3692 27,
775 3615 817 3678 13
839 3618 948 3678 autem
968 3611 1056 3696 apud
1077 3615 1261 3696 promonto-

117 3722 203 3788 rium
224 3719 396 3787 Pulchrum
417 3720 451 3784 in
473 3725 596 3786 terram
616 3721 818 3800 ascenditur;
840 3741 945 3806 neque
967 3721 1096 3787 omnino
1118 3719 1261 3802 additur,

119 3850 215 3913 quem
237 3830 271 3896 in
292 3833 439 3912 portum,
462 3849 566 3912 nsque
588 3851 645 3896 cnr
666 3851 732 3897 non
753 3830 908 3915 Emporia
931 3829 1150 3915 pervenerint,
1173 3827 1261 3912 quod

193 4063 238 4130 su)
257 4063 311 4118 cc.
334 4063 369 4120 n.
400 4065 495 4136 rear,
531 4065 808 4135 sequanenses
839 4065 896 4121 vsu
918 4063 1059 4121 muamus
1093 4063 1204 4120 muns.
1219 4078 1262 4133 -ρ,

118 4155 235 4210 cst-sa.
1399 4163 1400 4200 3
