2834 4608
642 208 682 271 37

93 388 205 472 Quod
242 411 326 457 vero
354 415 436 484 unus
466 395 528 460 hoc
556 391 629 458 loco
660 394 702 460 de
732 392 827 479 gravi
847 388 984 481 ¹plumbi
1014 389 1211 454 libramento

88 501 202 566 verba
226 501 322 584 facit,
344 502 455 568 nescio
478 525 518 566 an
539 503 645 568 animo
669 501 738 567 eius
753 500 937 586 Polybiane
957 499 1015 564 illa
1038 499 1211 562 obversata

89 608 163 674 sint
188 610 236 676 ad
263 611 365 677 alium
389 623 579 700 apparatum
603 611 801 701 spectantia:
832 601 950 695 ὄργανα
973 609 1049 693 παρ’
1074 597 1208 672 dicuni

87 723 210 800 τεῖχος
236 715 419 805 ἡτοιμάκευ
432 717 489 788 τὸν
516 720 575 805 μὲν
597 717 715 791 λοιντόν
734 716 850 806 χρόνον
869 711 977 807 ἀφανῆ
999 711 1079 784 κατὰ
1099 713 1135 782 δὲ
1153 709 1211 780 τὸν

86 829 151 914 τῆς
176 828 301 913 χρείας
321 826 432 915 καιρὸν
457 830 491 897 ἐκ
512 833 578 896 τῶν
601 827 668 898 ἕστο
682 834 792 917 μερῶν
812 825 895 915 ὑπὲρ
918 831 977 895 τοῦ
994 825 1121 908 τείχους
1142 814 1211 889 ἄνι-

88 930 251 1020 στὰμενα
276 937 329 1002 καί
350 939 585 1024 προπίπτουτα
606 935 692 1004 aoid
706 941 763 1024 τῆς
783 933 950 1019 ἒπάλξεως
965 941 1037 1014 ταῖς
1056 933 1208 1019 κεραίαις.

91 1029 142 1110 ὦν
164 1068 248 1118 τινα
275 1043 334 1128 μὲν
356 1041 512 1129 ἕβοίστοζε
534 1045 653 1124 λίθους
677 1038 736 1111 οὐκ
757 1040 909 1122 ἐλάττους
934 1043 1011 1110 δέκα
1032 1036 1208 1124 ταλάντων,

88 1147 168 1216 τινὰ
205 1147 501 1238 decumanae
530 1151 768 1236 μολίβδινον.
818 1151 938 1218 Facete
967 1151 1050 1217 illud
1073 1151 1208 1233 dictum,

89 1259 197 1348 quod
214 1261 379 1347 Marcello
403 1261 563 1348 Polybius
589 1261 712 1344 tribuit,
732 1261 846 1326 Livius
869 1261 988 1328 omisit.
1026 1260 1068 1327 In
1089 1259 1208 1326 ceteris

89 1391 176 1436 vero
201 1369 358 1436 omnibus
380 1370 524 1439 numeris
551 1385 623 1436 cum
642 1370 763 1437 Graeci
787 1369 929 1436 auctoris
952 1369 1112 1435 consentit
1132 1391 1226 1442 nar-v

90 1479 245 1544 ratione.
293 1479 401 1562 Quem
425 1480 521 1545 etiam
543 1502 583 1546 ea
603 1479 755 1544 redolent
776 1479 923 1559 Liviana,
949 1501 1032 1567 quae
1055 1478 1208 1565 quoniam
1295 1545 1297 1552 ,

93 1588 187 1654 ultra
212 1588 500 1676 oppugnationem
531 1589 769 1675 Syracusarum
795 1590 1017 1674 fragmentum
1041 1611 1108 1654 non
1130 1609 1208 1674 pro-

96 1697 273 1780 greditur,
297 1721 369 1765 cum
391 1698 471 1786 ipsis
486 1699 594 1764 verbis
610 1697 803 1782 Polybianis
818 1720 1009 1786 comparare
1031 1720 1098 1764 non
1116 1697 1207 1778 licet.

79 1806 216 1874 tLivius
255 1807 343 1872 enim
377 1808 411 1874 in
442 1807 600 1894 capitibus
633 1804 770 1875 XXXV
801 1819 834 1872 et
858 1807 1009 1874 XXXIX
1031 1816 1203 1896 postquam

95 1917 331 1984 Romanorum
364 1917 461 1982 duces
489 1917 653 1984 abstitisse
683 1918 737 2006 ab,
757 1916 1001 2003 oppugnatione
1023 1918 1199 1998 enarravit,

95 2023 136 2090 de
160 2025 323 2092 Marcelli
351 2024 561 2120 expeditione
592 2026 700 2108 tradit,
730 2025 850 2091 adeas
877 2027 974 2092 urbes
1002 2025 1205 2115 recipiendas

99 2135 209 2217 facta,
246 2155 330 2219 quae
360 2134 401 2200 ad
434 2133 719 2219 Carthaginienses
751 2135 949 2202 defecerant.
977 2135 1046 2200 .Ac
1069 2157 1144 2200 cum
1171 2135 1206 2200 in

95 2243 218 2329 capitis
264 2242 396 2310 XXXV
436 2244 642 2332 paragrapho
671 2243 725 2313 Ill
760 2242 865 2310 dicat:
916 2243 978 2328 ,ad
1009 2243 1204 2310 Heracleam

53 2377 56 2388 ’
99 2372 201 2436 quam
227 2351 374 2421 Minoam
392 2361 518 2434 vocant,
542 2352 652 2440 copias
675 2351 852 2440 exposuit,“
875 2376 973 2441 porro
996 2375 1070 2418 cum
1092 2335 1127 2416 in
1151 2375 1201 2416 ca-

102 2459 185 2545 pitis
207 2459 359 2528 XXXIX
382 2461 587 2548 paragrapho
611 2460 701 2526 XIII
722 2462 766 2526 ita
793 2460 962 2528 exhibeat:
993 2461 1205 2528 hibernacula

99 2568 254 2654 quinque
274 2569 364 2633 milia
386 2593 539 2658 passuum
558 2570 737 2656 Hexapylo
754 2606 795 2620 -
809 2570 936 2636 Leonta
958 2581 1078 2636 vocant
1095 2573 1204 2638 locum

100 2679 352 2744 —communiit
368 2677 648 2765 aedificavitque.“
669 2700 765 2744 nemo
780 2703 846 2744 non
861 2679 952 2745 videt
968 2679 1088 2748 Graeci
1105 2681 1204 2746 fontis
1234 2754 1236 2757 ¹

97 2809 162 2852 noa
180 2788 240 2854 hic
256 2787 377 2854 habere
398 2788 546 2875 vestigia.
583 2787 630 2856 Ut
651 2788 797 2854 breviter
821 2790 861 2855 de
876 2789 1051 2854 Plutarcho
1067 2790 1092 2874 ¹)
1117 2791 1203 2876 quod

97 2896 209 2962 sentio
245 2918 424 2986 exponam,
450 2899 584 2987 propius
619 2921 694 2963 eum
727 2897 768 2962 ad
793 2899 998 2985 Polybianae
1032 2921 1128 2985 quam
1162 2899 1203 2963 ad

99 3002 262 3072 Liuianae
283 3007 477 3073 narrationis
500 3007 746 3074 similitudinem
770 3009 928 3074 accedere
951 3009 986 3074 in
1008 3016 1121 3096 aperto
1145 3018 1203 3076 est.

99 3111 198 3193 Quae
221 3113 308 3179 enim
332 3115 551 3203 praetermisit
573 3115 697 3199 LiviuS,
726 3117 815 3182 velut
842 3117 1095 3184 accurratiorem
1117 3140 1201 3184 sam·
1235 3185 1245 3206 x

100 3219 213 3295 bucae
233 3221 497 3309 descriptionem,
519 3232 551 3286 et
571 3230 765 3288 nocturnum
783 3223 931 3289 Marcelli
948 3224 1105 3311 impetum
1125 3223 1201 3288 Plu·

101 3329 240 3397 tarchus
268 3320 410 3396 exhibet.
467 3329 565 3411 Quod
598 3353 676 3396 vero
713 3331 809 3397 etiam
842 3332 929 3398 inter
960 3331 1136 3414 Polybium
1171 3342 1203 3397 et

101 3435 319 3506 Plutarchum
341 3439 543 3510 minusculae
572 3462 650 3507 sane
680 3441 889 3508 intercedunt
917 3441 1202 3529 dscrepamiaaa),

104 3565 224 3614 vereor
246 3571 288 3613 ne
310 3549 393 3615 iusto
415 3549 587 3616 videamur
615 3550 806 3636 timidiores,
836 3551 863 3616 si
884 3551 928 3616 ita
952 3551 992 3616 de
1018 3552 1064 3618 eis
1086 3553 1202 3618 decer-

105 3673 188 3726 nere
213 3657 417 3740 dubitamus,
448 3666 484 3722 ut
515 3657 730 3724 Plutarchum
759 3681 802 3724 ex
833 3661 988 3725 memoria
1019 3660 1200 3726 reddidisse

104 3763 284 3850 Polybium
305 3775 509 3844 statuamus.¹
534 3768 739 3853 Quamquam
762 3767 974 3835 Plutarchum
998 3770 1097 3836 etiam
1120 3769 1200 3844 alios

206 4015 232 4082 1)
251 4013 395 4071 Plutarch.
413 4015 538 4070 Marcell.
558 4019 672 4073 14-19.
806 4099 808 4104 Ι

161 4111 164 4133 ²
207 4112 235 4180 a)
253 4110 406 4182 ‹lc-quibus
423 4113 495 4168 conf.
516 4113 658 4170 Buchhola
677 4133 704 4187 p,
721 4117 764 4172 37.
