2834 4608
632 219 671 286 31

99 406 246 494 primum
283 429 407 472 summa
422 399 606 491 'fragmenti
621 409 645 490 ¹)
680 406 855 494 Polybiani
892 405 1202 496 comprehendenda

97 516 243 600 videtur,
277 516 365 603 qnod
397 526 447 582 est
477 516 518 582 de
546 516 790 605 oppugnatione
811 517 1052 604 Syracusarum
1075 543 1093 584 a
1115 519 1200 586 Mar-

96 628 186 692 cello
210 635 243 691 et
271 626 361 714 App.
384 626 523 694 Claudio
560 626 720 708 instituta,
754 626 795 692 de
833 649 896 712 qna
918 627 1031 692 Livius
1069 637 1102 693 et
1129 627 1201 715 ipse

96 735 180 801 inde
202 761 221 800 a
243 736 358 824 capitis
378 735 535 802 XXXIII
561 736 767 826 paragrapho
782 735 832 801 IX
855 735 933 822 agit.
975 737 1028 803 Ac
1045 735 1201 824 Polybius

98 845 238 930 quidem
259 847 348 934 App·
373 845 547 913 Claudium
575 856 685 912 narrat
715 857 804 911 terra
831 847 871 910 ab
894 845 1073 935 Hexapylo
1100 847 1202 936 impe·
1300 861 1301 868 ’

95 969 171 1022 tum
205 958 343 1039 fecisse,
381 958 465 1023 mari
498 959 550 1024 ab,
567 955 763 1022 Achradina
796 956 999 1024 Marcellum.
1055 957 1202 1039 Quorum

96 1067 243 1132 alterum
269 1068 443 1152 sexaginta
466 1065 760 1152 quinqueremibus
785 1088 914 1131 murum
935 1067 1079 1154 petiisse,
1102 1067 1203 1132 refer·

94 1176 141 1240 tis
165 1176 353 1260 sagittariis,
376 1176 609 1258 funditoribus,
633 1175 785 1240 velitibus
816 1176 871 1260 qui
894 1186 1160 1264 propugnatores
1184 1195 1201 1240 e

96 1303 196 1348 muro
231 1283 466 1370 propellerent.
524 1283 610 1348 Aliis
641 1293 712 1348 octo
750 1281 1039 1370 quinqueremibus
1072 1282 1226 1368 additis„

97 1415 240 1480 quacum
260 1393 366 1475 binae,
387 1393 540 1482 adempto
554 1392 711 1457 interiore
723 1413 888 1457 remorum
913 1393 1039 1478 ordine,
1060 1392 1202 1458 invicem

95 1503 231 1566 iunctae
266 1502 416 1586 fuissent,
454 1502 655 1566 exteriorum
685 1501 826 1566 laterum
859 1501 1000 1587 remigio
1034 1503 1203 1568 sambucas

101 1612 364 1696 quas-vocabant
397 1611 499 1681 muris
535 1610 680 1675 admotas
715 1631 796 1675 esse.
842 1609 941 1691 Quod
963 1612 1203 1678 machinamen-

36 1743 38 1746 ·
98 1733 210 1785 torum
244 1719 289 1784 ita
325 1741 396 1786 esse
432 1719 630 1785 frabicatum
662 1739 778 1803 genus,
807 1729 844 1784 ut
866 1719 954 1784 scala
978 1730 1121 1808 quatuor¹
1138 1720 1205 1785 lata

100 1828 205 1918 pedes
230 1850 272 1892 ex
304 1837 493 1894 transverso
539 1827 790 1893 cohaerentibus
827 1829 1051 1914 copulatarum
1073 1827 1205 1893 navium

101 1937 264 2003 lateribus
281 1937 517 2024 imponeretur.
550 1937 590 2002 Ei
608 1937 715 2002 scalae
728 1947 957 2025 praeterquam
973 1937 1061 2025 quod
1081 1947 1203 2002 utrum·

100 2067 167 2132 que
199 2046 284 2111 latus
318 2047 472 2111 cancellis
497 2058 530 2111 et
555 2047 697 2113 loricatis
726 2048 886 2114 munitum
911 2055 997 2112 esset
1018 2047 1053 2111 in
1076 2065 1202 2112 summo

100 2155 208 2242 gradu
230 2156 375 2222 tabulam
398 2156 597 2238 adhaesisse,
625 2156 688 2220 tria
712 2157 814 2221 latera
839 2155 980 2222 cratibus
1002 2157 1127 2221 munita
1147 2156 1204 2221 ha·

99 2265 246 2332 bentem.
288 2265 402 2350 Atque
437 2265 466 2330 ei
503 2264 635 2350 quidem
669 2265 858 2330 insistenter
888 2276 1028 2351 quatuor
1051 2265 1203 2332 homines

100 2397 178 2470 cum
201 2375 285 2440 muri
308 2375 541 2441 defensoribus
564 2375 748 2460 dimicassq
783 2374 928 2460 reliquos
960 2397 1039 2441 vero
1069 2375 1201 2440 admota

99 2483 255 2550 sambuca
287 2483 329 2548 ad
352 2507 483 2550 murum
514 2487 585 2550 sine
613 2484 761 2573 periculo
782 2484 828 2550 eis
849 2483 1026 2550 succedere
1047 2483 1202 2574 potuisse.

174 2757 201 2822 1)
219 2754 421 2823 Fragmentum
439 2753 475 2808 ab
484 2753 626 2824 Hervagio
641 2753 764 2824 primum
778 2772 793 2808 e
805 2754 901 2809 codice
910 2753 1046 2809 Urbinate
1063 2754 1094 2808 in
1111 2755 1203 2812 lucem

101 2851 235 2906 emissum
262 2851 337 2920 apud
352 2851 511 2907 Bokkerum
530 2855 609 2906 extat
627 2869 690 2922 pag.
708 2855 769 2908 570.
807 2851 862 2905 Sed
880 2868 942 2905 cum
961 2855 1040 2906 vetus
1064 2851 1112 2906 ills
1129 2869 1203 2907 com-

99 2949 210 3019 pilator
238 2964 254 3002 a
272 2947 400 3003 Marcelli
423 2949 531 3020 Impetu
557 2948 720 3003 exordIatur
742 2947 773 3002 in
788 2947 976 3002 Achradinam
993 2947 1077 3014 facto,
1102 2967 1204 3021 perop-

100 3049 225 3116 portune
239 3065 242 3068 ·
256 3045 376 3112 accidit,
404 3052 437 3101 ut
463 3063 479 3102 e
507 3047 627 3102 Heronis
653 3045 749 3101 libello
785 3045 819 3099 de
849 3043 1013 3115 repellenda
1048 3046 1203 3110 obsidione,

100 3141 217 3197 initium
240 3143 393 3214 fragmenti
418 3145 544 3216 suppleri
570 3149 674 3214 posset.
718 3143 811 3213 Atque
828 3141 968 3198 Heronem
987 3143 1099 3212 quidem
1116 3145 1203 3199 multo

101 3239 343 3312 neglegentiorem
366 3240 451 3295 luisse
469 3239 498 3293 iu
516 3241 609 3295 uerbis
627 3240 789 3308 Polybianis
815 3239 978 3294 exhibendis
998 3256 1081 3309 quam
1099 3242 1204 3312 compi-

102 3337 224 3392 latorem
258 3352 425 3406 ancnymum
455 3335 709 3406 Schweighaeuseri
736 3340 764 3390 ts
789 3336 930 3392 docebunt
953 3338 1148 3392 annotationes
1168 3336 1204 3393 ad

105 3433 255 3502 Polybium
282 3438 342 3488 tom
365 3431 411 3506 VI.
435 3451 462 3502 p.
484 3435 552 3496 :439.
588 3431 683 3487 Etiam
713 3450 728 3488 e
754 3433 840 3487 Suida
870 3433 919 3487 lux
946 3432 1051 3488 affulsit
1077 3435 1139 3490 loco
1168 3435 1204 3490 ab

98 3531 216 3588 ,Herone
240 3530 372 3584 mendose
396 3533 519 3585 exarato.
566 3529 666 3586 Suidas
688 3532 761 3586 enim
789 3532 839 3586 sub
866 3549 935 3588 voce
964 3527 1118 3604 lpycloifloc'
1135 3531 1204 3587 haec

103 3629 208 3683 habet:
230 3631 256 3680 οἱ
274 3627 305 3680 δὲ
323 3625 455 3699 Ῥωμαῖοι
474 3629 680 3702 πολιορκοῦντες
702 3625 763 3688 τοὺς
780 3633 965 3700 Συρακοσίους
989 3631 1071 3700 ἔργον
1095 3635 1202 3700 εἴχοντο

106 3743 170 3780 cnm
179 3724 255 3778 Hero
274 3725 392 3779 scribat:
421 3726 475 3780 τῶν
493 3722 546 3796 γὰρ
563 3723 710 3798 Ῥωμαίων
729 3720 948 3797 πολιορκούντων
957 3723 1006 3794 τὴν
1016 3721 1204 3798 Συράκουσαν.

104 3823 204 3892 Itaque
228 3819 312 3876 stiam
330 3820 383 3876 hoc
404 3821 467 3874 loco
485 3820 738 3876 luculentissimum
755 3821 888 3877 habemus
907 3822 1074 3893 exemplum,
1093 3822 1205 3877 initium

105 3918 283 3992 potissimum
310 3917 484 3989 singulorum
505 3923 707 3998 excerptorum
734 3919 847 3988 quoad
862 3919 1065 3990 praecedentis
1079 3920 1205 3990 disputa·

105 4017 192 4072 tionis
217 4016 445 4085 aequabilitatem
469 4019 542 4071 esset
570 4016 778 4072 accomodatius
804 4035 821 4072 a
848 4017 1080 4087 compilatoribus
1108 4015 1144 4072 (Ie
1162 4017 1205 4071 in·

106 4114 217 4171 dustria
231 4115 407 4170 munuum
424 4131 493 4169 esse.
