2834 4608
671 228 710 294 lt

144 414 245 480 fuisse
273 417 513 498 narrationem,
544 415 720 484 earundem
748 434 861 480 rerum
882 437 901 480 a
924 414 1047 484 Graeci
1070 413 1240 505 scriptoris

147 521 369 610 disputatione
384 525 562 589 alienarum
578 523 799 610 comprobatio
822 522 1137 589 commemoratione.
1162 525 1241 592 Per·

144 631 197 716 git
218 633 331 700 Livius
347 639 383 720 1),
405 644 576 722 postquam
599 634 639 698 de
661 634 759 698 rebus
783 633 914 698 urbanis
936 633 1096 722 exposuit,
1118 632 1160 698 ad
1182 654 1239 720 pu·

144 761 228 826 guas
249 743 450 808 enarrandas
471 742 556 809 inter
579 741 772 810 Marcellum
787 741 1073 830 Hannibalemque
1096 742 1130 808 in
1147 741 1240 810 Cam·

141 851 240 939 pauiu
262 862 295 918 et
315 853 454 920 Bruttiis
478 851 675 918 commissas.
721 851 834 937 Atque
863 873 904 918 ne
926 852 980 916 hic
1005 852 1138 938 quidem
1161 853 1240 941 quin

140 961 319 1048 Polybium
343 961 531 1046 neglexerit
552 960 686 1026 dubium
705 960 845 1027 videtur.
878 962 998 1027 Parum
1023 961 1110 1026 enirn
1135 959 1238 1028 credi·

140 1068 209 1136 bile
233 1081 281 1136 est
305 1069 469 1140 Graecum
499 1081 668 1136 auctorem
699 1069 817 1135 similia
847 1071 887 1136 de
920 1092 1032 1157 pugna
1064 1069 1239 1136 tradidisse

140 1177 279 1247 Nolana.
324 1179 406 1246 Nam
445 1204 515 1246 cum
546 1179 657 1246 Livius
690 1181 836 1266 quamvis
868 1180 1055 1246 dubitanter
1078 1182 1239 1250 iustama

139 1288 299 1356 Marcello
330 1299 527 1377 reportatam
562 1310 632 1354 esse
666 1289 835 1354 victoriam
875 1299 1011 1373 narret‚-
1038 1289 1199 1376 Polybius
1211 1291 1238 1376 2)

139 1396 321 1462 identidem
343 1406 418 1463 aute
441 1396 567 1462 cladem
596 1397 683 1485 apud
709 1399 840 1464 Zamam
872 1408 1038 1486 acceptam
1060 1410 1160 1484 negat
1181 1424 1238 1466 un·

141 1527 239 1591 qnam
268 1505 390 1570 victum
425 1526 496 1572 esse
530 1507 762 1574 Hannibalem.
815 1506 933 1593 Neque
968 1508 1075 1574 minus
1096 1508 1238 1594 Polybio

139 1625 342 1702 repugnant,
376 1637 458 1700 quae
493 1615 606 1682 Livius
639 1616 679 1680 de
713 1615 1033 1702 Carthaginiensium
1064 1618 1238 1708 Campanis

138 1723 242 1792 tradit
264 1726 412 1791 hibernis
428 1749 500 1791 curn
516 1726 656 1808 dicatsslz
678 1728 808 1813 „itaque
830 1728 978 1811 hercule,
999 1729 1091 1794 velut
1113 1729 1141 1794 si
1163 1752 1238 1796 cum

139 1834 204 1900 alio
228 1834 377 1902 exercitu
400 1859 419 1900 a
443 1835 559 1924 Capua
582 1837 697 1918 exiret,
720 1836 803 1902 nihil
823 1855 969 1922 'usquam
995 1837 1150 1924 pristinae
1175 1839 1238 1907 dis-

139 1941 282 2031 ciplinae
316 1945 451 2010 tenuit.“
501 1943 651 2012 Graecus
684 1946 771 2010 euim
804 1967 919 2010 rerum
947 1946 1085 2035 scriptor
1107 1947 1141 2013 in
1162 1949 1239 2014 libri

137 2051 191 2118 XI
215 2052 319 2139 capite
340 2053 428 2119 XIX
440 2053 635 2122 Hannibalis
655 2055 808 2120 virtutem
826 2055 1068 2144 imperatoriam
1089 2057 1238 2124 laudibus

122 2161 324 2240 extollens:
355 2156 523 2228 ἑκκαίδεκα
546 2163 650 2246 iuquit
673 2158 866 2251 πολεμήσας
890 2160 945 2251 ἔτη
966 2159 1137 2250 Ῥωμαίοις
1157 2165 1239 2232 κατὰ

135 2265 197 2357 σὴν
208 2261 342 2339 Ἰταλίαν
356 2262 515 2338 οὐδέποτε
533 2271 658 2338 διέλυσε
671 2269 729 2351 τὰς
743 2268 897 2358 δυνάμεις
915 2273 950 2340 ἐκ
967 2279 1034 2340 τῶν
1048 2271 1238 2364 ὑπαίθρων,

135 2370 221 2444 ἀλλὰ
243 2377 385 2461 συνέχων
406 2377 461 2470 ὑφ’
486 2375 601 2448 ἑαυτὸν
623 2377 737 2466 ὥσπερ
758 2372 891 2468 ἀγαθὸς
913 2379 1108 2472 κυβερνήτης
1137 2379 1239 2454 οἷσκα-

138 2487 259 2557 σίαστα
279 2485 448 2576 διετήρησε
470 2493 613 2559 τοσαῦτα
632 2485 750 2578 πλήθη
772 2491 885 2576 καλέ).

208 2623 211 2634 *
240 2583 310 2664 Iam
323 2600 362 2664 ad
374 2599 437 2664 alia
450 2621 491 2666 ne
504 2621 677 2687 pergamus
689 2602 781 2668 locus
792 2601 946 2670 Livianus
958 2607 1142 2674 salebrosus
1159 2628 1237 2672 sanc

138 2712 238 2789 atque
261 2704 405 2770 difficilis
426 2714 475 2770 est
498 2703 743 2793 impedimento,
770 2709 825 2794 qui
845 2719 932 2776 extat
956 2711 991 2776 in
1015 2713 1130 2799 capitis
1153 2712 1236 2778 XIV

137 2813 347 2902 paragrapho
372 2813 433 2880 IV.
483 2814 537 2882 Ibi
566 2838 639 2880 cum
663 2827 774 2882 narret
797 2839 905 2884 rerum
934 2820 1075 2908 scriptor
1104 2830 1237 2909 praeter

106 2967 109 2972 -
137 2921 220 2988 duas
254 2925 392 2990 urbanas
425 2924 575 3007 legiones
605 2925 768 3014 prIucipio
795 2927 872 2994 anui
904 2932 1131 3004 accusulibus
1165 2955 1237 2998 con·

139 3031 302 3121 scriptas,¹
319 3042 448 3120 praeter
477 3056 644 3101 servorum
673 3035 828 3104 dilectum
851 3039 1067 3128 cohortesque
1090 3063 1132 3107 ex
1155 3063 1235 3128 agro

139 3144 265 3211 Piceno
279 3155 311 3212 et
324 3144 455 3212 Gallico
478 3147 653 3231 conlectae,
676 3170 735 3214 sex
756 3148 848 3214 milia
870 3150 1047 3237 hominum,
1072 3155 1127 3242 qui
1149 3157 1234 3246 capi·

135 3255 238 3320 talem
269 3255 420 3320 fraudem
452 3255 522 3322 ausi
550 3257 671 3343 quique
691 3259 849 3344 pecuniae
877 3259 1010 3326 iudicati
1038 3261 1072 3328 in
1097 3264 1234 3330 vinculis

238 3457 265 3526 1)
284 3455 380 3510 Livius
399 3474 422 3510 c.
445 3449 558 3514 14420.

236 3555 264 3622 2)
282 3552 415 3622 Polybius
435 3553 493 3610 xv.
513 3559 557 3621 11,
578 3558 620 3611 16.
638 3556 686 3612 IX.
707 3561 731 3612 a.

237 3651 264 3718 3)
283 3649 378 3704 Livius
397 3668 420 3706 c.
442 3653 475 3706 18
495 3657 510 3718 ξ
532 3655 573 3707 14.

192 3761 193 3764 ’
236 3749 263 3815 4)
285 3745 414 3801 Ceterum
431 3766 467 3802 ne
486 3749 611 3818 sibiipsi
631 3749 742 3819 quidem
762 3748 858 3806 Livius
877 3753 921 3804 est
939 3753 1077 3806 constans.
1103 3749 1236 3807 Similiter

136 3842 315 3912 animatque
342 3843 474 3912 Polybius
502 3844 531 3898 in
556 3845 623 3898 libri
641 3843 758 3900 XXVIII
775 3846 866 3915 eapite
883 3845 936 3898 XII
953 3845 1136 3900 Hannibalem
1154 3846 1234 3912 dixit,

136 3940 213 4012 quod
229 3939 259 3994 iu
276 3939 357 3994 Italia
375 3945 543 4008 versaretur,
568 3959 625 3996 uno
647 3942 768 4011 quodam
784 3943 895 3998 vinculo
921 3942 1076 3997 exereitum
1094 3941 1134 3996 ita
1151 3959 1236 4014 copu-

135 4039 217 4104 lasse,
239 4041 271 4091 ut
288 4037 366 4093 nulla
383 4055 473 4108 neque
497 4038 572 4092 inter
595 4037 670 4107 ipsos
694 4057 783 4109 neque
803 4039 934 4094 adversus
953 4038 1051 4094 ducem
1071 4040 1171 4096 seditio
1190 4057 1236 4095 ex-

32 4167 34 4172 .
135 4135 266 4203 sisteret3
285 4132 320 4189 de
339 4151 393 4204 quo
411 4135 473 4190 loco
490 4133 553 4190 vide
571 4133 651 4190 infra.

979 4209 1091 4307 .2‘
