2834 4608
748 209 791 277 32

221 397 347 480 Quibus
370 396 520 463 omnibus
543 395 583 460 ad
606 396 888 485 oppugnationem
924 394 1089 462 instructis
1110 393 1320 460 nihilominus

218 507 412 572 Marcellum
435 528 588 573 successu
611 506 769 589 caruisse,
792 505 1031 572 Archimedem
1048 503 1136 569 enim
1149 502 1320 568 tormentis

218 617 329 682 variae
352 614 588 700 magnitudinis
612 615 815 703 praeparatis
835 615 998 680 Romanos
1027 613 1143 701 procul
1165 611 1320 678 invaden-

218 735 267 791 tes
279 725 415 791 summis
435 724 609 790 obstrictos
630 723 783 806 tenuisse,
807 723 1056 790 difficultatibus
1082 733 1114 787 et
1126 721 1320 788 Marcellum

219 835 325 918 noetis
348 833 479 900 silentio
507 855 607 900 naves
631 833 765 922 propius
788 833 963 899 admovere
987 840 1150 913 conatum,
1181 829 1247 896 alio
1270 851 1321 917 ap-

218 954 334 1032 paratu
356 944 511 1009 adversus
535 965 601 1024 eos,
626 943 680 1031 qui
705 943 878 1008 cnevibus
892 942 1082 1006 dimicarent
1104 949 1321 1028 praestructo,

217 1051 252 1119 in
276 1055 388 1138 fugam
410 1053 621 1118 convertisse.
666 1052 796 1118 Etenim
821 1073 864 1116 ex
887 1050 1058 1116 altitudine
1086 1051 1158 1116 fere
1179 1059 1321 1115 staturae

218 1161 378 1226 humanae
396 1161 523 1228 crebris
546 1163 636 1227 cavis
656 1185 729 1228 cum
747 1185 876 1228 murum
896 1161 1111 1250 perforasset,
1143 1159 1321 1244 sagittariis

219 1294 256 1336 ac
277 1271 515 1359 scorpiunculis
547 1274 586 1337 ab
620 1271 777 1338 interiore
808 1281 902 1359 parte
930 1271 1015 1336 muri
1038 1270 1206 1358 appositis,
1243 1292 1322 1334 eun-

220 1380 295 1446 dem
315 1380 422 1445 virum
443 1402 502 1468 per
534 1380 596 1446 ista
618 1383 747 1446 hostem
769 1391 938 1469 petentem
962 1379 1111 1444 inutilem
1136 1377 1321 1444 reddidisse

219 1489 458 1556 classiariorum
480 1490 703 1556 Romanorum
736 1485 880 1577 operam.
931 1489 999 1558 Ubi
1034 1510 1113 1554 vero
1147 1489 1322 1552 sambucas

220 1599 350 1685 erigere
372 1609 565 1664 conarentur
598 1599 804 1664 tollenonum
835 1607 941 1664 rostra
974 1619 1034 1687 per
1066 1606 1171 1664 totum
1192 1616 1322 1664 murum

220 1706 467 1795 dispositorum,
504 1707 671 1772 carchesio
706 1716 862 1792 quantum
896 1728 979 1793 opus
1013 1715 1100 1770 esset
1126 1705 1322 1770 circumacta

219 1840 298 1882 saxa
319 1816 498 1904 graviaque
532 1815 658 1904 plumbi
693 1814 838 1901 pondera
862 1836 924 1901 ope
948 1815 1115 1881 trochleae
1141 1814 1322 1880 laxatoriec

219 1925 254 1989 in
275 1923 378 1988 scalas
401 1920 579 1988 demisisse.
622 1923 799 1989 Praeterea
819 1946 949 1988 manum
970 1922 1111 1988 ferream
1133 1932 1252 1986 catena
1273 1943 1321 1987 re-

219 2032 353 2122 ligatam
383 2054 499 2123 prorae
534 2012 685 2096 iniectam
719 2053 802 2096 esse.
845 2031 937 2114 Quae
967 2031 1022 2096 ubi
1053 2053 1171 2120 prorae
1194 2039 1321 2120 partem

219 2142 460 2230 prehendisset,
492 2141 662 2207 machinae
702 2142 791 2206 calce
822 2141 909 2208 intra
938 2143 1067 2206 moenia
1089 2141 1246 2206 deorsum
1268 2140 1321 2205 ad·

221 2252 326 2337 ducta,
350 2263 383 2320 et
402 2263 438 2318 ut
460 2253 593 2318 immota
615 2261 728 2336 staret,
750 2251 899 2338 religata,
930 2251 1049 2316 fectum
1072 2261 1200 2316 esseut
1221 2272 1322 2337 prora

218 2363 254 2429 in
275 2363 378 2429 altum
415 2363 541 2429 sublata
560 2362 652 2428 navis
678 2362 713 2428 in
735 2363 872 2451 puppim
892 2361 1086 2448 erigeretur.
1131 2361 1218 2428 Tum
1239 2383 1318 2428 vero

219 2473 371 2562 proiecta
393 2471 499 2537 srrhito
523 2494 540 2536 e
564 2471 714 2536 machina
736 2471 845 2538 ferrea
867 2495 965 2537 manu
986 2495 1060 2536 cum
1082 2480 1198 2536 catena
1220 2493 1322 2537 naves

220 2591 276 2648 aut
297 2582 331 2647 in
353 2581 439 2646 latus
460 2581 641 2647 concidisse
681 2591 736 2646 aut
767 2604 901 2670 prorsus
924 2602 1055 2647 eversas
1076 2603 1158 2645 esse.
1202 2582 1321 2666 ltaque

221 2702 253 2757 et
275 2691 470 2759 Marcellum
500 2700 532 2756 et
554 2693 644 2779 App.
666 2689 842 2758 Claudium
872 2714 945 2756 cum
974 2691 1008 2755 iu
1031 2690 1162 2756 easdem
1186 2690 1320 2756 incidis·

220 2811 270 2868 set
299 2799 510 2866 difficultates
527 2800 660 2886 incepto
683 2801 856 2866 destitisse.
901 2799 1028 2883 Quibus
1053 2800 1226 2888 disputatis
1255 2801 1320 2866 iam

221 2908 262 2976 ad
283 2897 413 2978 Livium
434 2933 493 2976 nos
515 2911 753 2977 convertamus
797 2912 911 2996 Atque
931 2909 966 2975 in
988 2909 1079 2976 initio
1112 2909 1247 2997 quidem
1269 2909 1323 2976 Li-

219 3021 334 3086 vianae
363 3018 596 3108 descriptionis
628 3030 805 3108 propterea
825 3019 1004 3085 admodum
1027 3019 1164 3084 difficile
1187 3019 1322 3085 videtur
1396 3055 1397 3082 ÷

221 3129 359 3197 certiora
381 3149 496 3194 eruere
517 3127 558 3194 dc
579 3129 708 3194 ratione
728 3129 814 3194 inter
829 3138 1004 3220 utrumque
1025 3139 1193 3195 auctorem
1217 3130 1320 3197 inter-

222 3240 361 3306 cedente
384 3239 459 3324 quia
483 3260 652 3326 quousque
673 3248 806 3328 pateant
826 3239 918 3305 lebes
942 3240 982 3304 ab
1011 3239 1147 3305 Herone
1175 3237 1322 3326 Polybio

220 3349 341 3415 inlatae
378 3370 511 3435 prorsus
548 3349 590 3414 ad
621 3347 783 3432 liquidum
803 3370 869 3413 non
893 3358 1002 3436 potest
1021 3348 1169 3437 perduci.
1220 3348 1322 3415 Certe

222 3479 305 3544 quae
327 3481 414 3523 nunc
439 3467 488 3524 est
507 3457 685 3544 fragmenti
712 3459 801 3526 illius
826 3458 992 3544 condicio,
1030 3457 1094 3525 duo
1125 3467 1200 3524 suut
1230 3459 1321 3548 apud

221 3568 361 3652 Livium,
383 3590 523 3654 quorum
546 3568 634 3657 apud
657 3569 826 3636 Heronem
848 3592 916 3634 uon
943 3571 980 3636 fit
1002 3568 1135 3634 mentia.
1178 3569 1233 3634 Ita
1255 3567 1319 3635 Ro-

221 3701 336 3745 manus
356 3699 469 3743 rerum
492 3677 631 3766 scriptor
654 3703 738 3745 unus
757 3681 845 3771 App.
871 3679 1045 3748 Claudium
1069 3688 1102 3744 et
1123 3678 1342 3744 Marcellum

222 3787 301 3854 dicit
323 3809 484 3876 prospero
506 3810 668 3874 successu,
695 3790 783 3875 quod
798 3789 978 3856 Leontinos
1001 3800 1128 3876 terrore
1152 3811 1190 3852 ac
1210 3790 1318 3876 primo
1396 3779 1397 3800 .

220 3897 346 3986 impetu
371 3897 536 3986 cepissent
555 3898 597 3964 ad
617 3920 710 3984 spem
732 3900 835 3966 elatos
848 3923 929 3984 esse,
949 3900 1020 3966 fore
1043 3908 1079 3963 ut
1100 3898 1199 3964 simili
1219 3898 1317 3964 modo

222 4006 397 4094 Syracusis
420 4007 614 4095 potirentur.
658 4011 837 4076 Praeterea
859 4033 942 4076 unus
965 4010 1057 4075 addit
1078 4008 1315 4076 Archimedem

222 4117 353 4183 unicum
367 4116 475 4183 -fuisse
492 4119 575 4184 caeli
596 4119 805 4208 siderumque
820 4130 1046 4209 spectatorem.
1092 4119 1216 4186 Contra
1232 4141 1313 4207 qnae
