2834 4608
974 153 980 190 l

717 221 759 296 133

188 407 305 498 essent,
326 425 466 481 armatos
499 437 591 499 esse,
619 415 779 482 calculum
810 414 961 481 subducit
991 412 1110 498 viginti
1140 413 1291 500 quinque

188 524 277 589 milia
301 545 374 590 cum
389 526 433 592 Μ.
446 525 540 590 Iunio
561 524 644 591 Pera
666 523 822 592 dictatore
844 525 884 588 ab
909 525 990 591 urbe
1012 525 1179 610 proiectos
1200 545 1290 591 ease.

189 634 282 716 Quae
295 635 396 699 verba
410 655 506 718 quam
519 635 616 700 variis
639 633 787 698 intricata
808 632 872 699 sint
887 632 1134 700 difficultatibus
1154 632 1189 696 iu
1209 653 1291 720 pro·

186 743 299 828 patulo
335 752 392 807 est.
448 743 595 808 Primum
630 744 717 808 enim
750 743 784 806 in
815 742 941 808 incerto
974 740 1172 827 relinquitur
1196 741 1292 826 quod

187 859 325 935 quatuor
350 849 482 916 illarum
503 849 673 934 legionum
701 851 801 916 fuerit
829 849 1001 936 negotium
1023 849 1058 916 in
1079 849 1156 916 libri
1181 848 1292 914 XXII

187 959 293 1047 capite
314 957 414 1024 LVII
443 968 775 1026 commemoratarum.
830 957 970 1024 Accedit
997 957 1085 1045 qnod
1116 959 1291 1046 incapite

187 1067 285 1134 XXV
308 1067 388 1133 duas
420 1069 560 1134 urbanas
593 1069 745 1154 legiones
778 1066 901 1134 Romae
933 1067 1128 1134 remansisse
1160 1074 1290 1150 narrat,

186 1201 267 1265 quas
300 1185 411 1242 nostro
443 1178 517 1243 loco
551 1201 625 1244 curn
654 1170 813 1244 dictatore
845 1177 1009 1264 profectas
1037 1198 1109 1243 esse
1139 1176 1289 1243 tradidit.

189 1284 315 1366 Quibus
339 1308 358 1350 e
382 1287 518 1352 salebris
548 1298 584 1352 ut
607 1287 819 1376 expediamus
846 1288 973 1370 locum,
997 1308 1204 1374 nequaquam
1227 1308 1291 1350 ne·

188 1395 328 1460 cessario
353 1395 558 1462 statuendum
580 1397 721 1480 videtur,
755 1377 884 1462 livium
904 1395 1048 1462 lontibus
1069 1396 1156 1460 inter
1177 1417 1214 1460 se
1238 1393 1290 1458 di-

186 1504 290 1568 versis
312 1527 405 1570 usum
429 1527 511 1589 esse,
533 1503 591 1570 sed
614 1530 655 1572 an
672 1505 717 1570 ita
738 1528 792 1570 res
813 1503 915 1592 possit
939 1505 1138 1572 conformari
1159 1504 1290 1587 nescio,

186 1622 222 1677 ut
235 1634 277 1678 ex
291 1625 430 1697 quatuor
441 1614 572 1679 illarum
589 1614 757 1700 legionum
771 1636 909 1680 numero
923 1614 1002 1680 duas
1017 1614 1169 1698 urbanas,
1189 1614 1289 1680 initio

187 1721 263 1785 anni
285 1721 440 1807 cuiusque
459 1723 661 1811 conscriptas
677 1723 778 1788 fuisse
798 1745 970 1789 sumamus.
993 1722 1067 1804 Quo
1086 1723 1174 1789 facto
1195 1722 1289 1810 quod

186 1830 269 1894 duae
290 1831 514 1898 remanentia
534 1832 616 1897 urbe
640 1832 788 1918 legiones
804 1831 887 1897 duae
899 1832 1123 1919 profiscuntur
1144 1853 1211 1898 non
1235 1842 1290 1898 est

187 1963 251 2027 quo
275 1941 487 2008 ostendamus.
520 1941 578 2008 Ali
601 1942 674 2007 loco
699 1943 753 2028 qui
776 1943 874 2029 paulo
896 1941 981 2006 infra
1003 1941 1037 2006 in
1058 1941 1206 2008 eiusdem
1231 1965 1288 2008 ca-

187 2050 263 2138 pitis
286 2061 337 2116 est
361 2052 566 2140 paragrapho
599 2049 697 2134 XIII,
727 2061 836 2115 utrum
862 2050 959 2114 simili
981 2051 1077 2115 modo
1100 2051 1160 2116 lux
1180 2053 1289 2138 possit

186 2157 353 2248 adspergi,
374 2183 415 2224 an
438 2183 476 2226 eo
498 2159 591 2225 nobis
613 2159 868 2246 confugiendum
890 2160 941 2242 sit,
963 2167 1000 2223 ut
1021 2157 1162 2250 Liuium,
1184 2159 1287 2224 fonti·
1391 2171 1392 2182 ¹

162 2269 247 2333 ¹bus
262 2273 366 2368 *psum
388 2270 474 2334 inter
504 2292 540 2334 se
563 2269 848 2356 discrepantibus,
878 2276 1003 2333 temere
1037 2278 1287 2354 coagmentassa

185 2367 374 2462 statuamus,
387 2400 469 2464 quae
483 2378 590 2467 potius
613 2377 813 2462 seiungenda
835 2385 936 2460 erant,
964 2398 1027 2462 ego
1049 2399 1115 2442 uon
1129 2375 1286 2444 decerno.

183 2487 316 2554 Etenim
339 2509 378 2552 eo
400 2489 473 2555 loco
496 2510 569 2553 cum
591 2488 783 2556 Marcellum
807 2496 919 2552 narret
940 2487 1120 2558 aCasilino
1142 2486 1281 2575 petiisse
1391 2519 1392 2560 t

186 2597 355 2682 Caiatiam,
379 2608 411 2663 et
433 2597 511 2663 inde
532 2597 697 2663 Volturno
727 2596 815 2662 amni
842 2596 976 2662 traiecto
998 2586 1198 2684 peragram
1221 2595 1283 2666 Sa·
1391 2571 1392 2660 l

186 2707 364 2773 ticulanum
400 2706 665 2791 Trebianumque
703 2726 803 2792 super
841 2703 1032 2772 Suessulam
1062 2704 1122 2794 per
1155 2716 1286 2772 montes

185 2815 305 2882 Nolam
321 2817 459 2900 venisse,
481 2838 558 2880 sane
580 2815 700 2880 mirum
720 2815 861 2898 videtur,
881 2814 968 2903 quod
988 2815 1023 2880 in
1043 2814 1160 2904 capitis
1178 2815 1285 2882 XVII

185 2927 392 3016 paragrapho
403 2926 492 2992 VIII
507 2925 692 2993 Casilinum
714 2924 845 2990 tradita
859 2925 1047 3011 quingentis
1058 2925 1284 2992 Praenestinis
1391 2931 1392 2966 ³

185 3060 260 3102 oum
291 3037 405 3126 paucis
427 3034 582 3102 Romanis
604 3035 777 3122 Latinique
810 3033 951 3101 nominis
973 3045 1086 3102 contra
1107 3034 1279 3102 Hanniba·

185 3148 252 3213 lem
274 3169 345 3213 esse
368 3147 551 3232 defensum,
576 3169 655 3233 quos
677 3146 786 3212 audita
807 3145 916 3212 clades
939 3143 1117 3211 Cannensis
1140 3166 1178 3210 eo
1205 3167 1284 3210 con-

187 3257 339 3342 tulisset„
381 3255 552 3345 Siquidem
573 3257 657 3322 enim
681 3279 699 3320 a
723 3254 867 3324 Canusio
889 3255 985 3334 (conf.
1003 3253 1116 3337 XXII,
1126 3253 1236 3338 LVII,
1249 3255 1284 3338 8)
1391 3273 1392 3336 ξ

188 3366 364 3433 Marcellus
377 3367 556 3434 Casilinum
567 3365 736 3454 profectus
749 3374 808 3448 est,
829 3364 949 3429 atinde
961 3363 1100 3430 Nolanis
1112 3363 1283 3448 succurrit,

190 3477 446 3565 exspectandum
471 3486 531 3558 est,
555 3498 629 3542 eum
652 3475 788 3544 Casilini
816 3474 851 3539 in
876 3473 1012 3539 disiecta
1038 3473 1095 3538 illa
1117 3473 1282 3539 exercitus

192 3587 337 3652 membra
368 3585 534 3652 incidisse.
588 3584 705 3671 Itaque
736 3583 849 3654 Livius
873 3583 906 3649 in
939 3581 1282 3670 enarrandaCasilini

186 3695 430 3786 oppugnatione
460 3703 514 3760 aut
542 3693 642 3761 alium
670 3704 768 3781 atque
797 3703 893 3760 antea
921 3691 1000 3758 adiit
1021 3702 1195 3776 auctorem,
1221 3693 1283 3759 'aut

185 3807 373 3894 corruptela
392 3807 427 3870 in
449 3804 563 3891 capitis
583 3805 665 3872 XIV
688 3803 893 3893 paragrapho
908 3802 998 3870 XIII
1018 3805 1078 3869 sub
1096 3825 1178 3870 voce
1199 3803 1283 3870 latet
1391 3853 1392 3860 ,

188 3915 327 3982 Casilini
342 3914 366 4000 ²)
411 3913 480 3983 Sed
501 3923 537 3981 ut
556 3914 684 3998 redeat,
712 3915 801 3980 unde
823 3912 958 3980 deflexit
987 3911 1102 3997 oratio,
1128 3912 1278 4000 quamvis

285 4121 311 4192 1)
329 4119 402 4176 coni.
420 4117 677 4174 Weissenbornium
695 4118 730 4172 ad
750 4136 813 4174 eum
831 4119 931 4176 locum.
