2834 4608
706 187 749 263 bb

174 385 313 451 viderim
340 406 406 449 non
428 382 551 464 dubito,
586 383 613 448 si
645 384 816 473 utriusque
848 387 986 452 auctoris
1018 385 1281 474 disputationem

173 518 192 562 e
213 495 358 581 Polybio
382 492 528 582 pendere
549 491 632 556 dieo.

257 604 297 670 In
320 603 529 689 sequentibus
554 625 627 667 eum
649 603 787 667 Liviana
801 596 825 687 s)
859 603 973 670 redcat
991 605 1133 671 narratio
1158 603 1280 672 adres

172 713 323 779 initalia
347 721 466 798 gestas,
500 735 606 799 neque
629 713 750 798 Polybi
783 733 890 799 neque
923 715 1004 780 alius
1035 737 1147 780 rerum
1169 716 1282 803 serip-

171 823 252 888 toris
285 821 437 887 conferre
465 820 544 886 lieet
570 821 803 888 testimonium.
858 821 925 890 Sed
955 845 997 889 ne
1025 846 1106 913 opus
1137 823 1281 910 quidem

174 944 223 1000 est
245 933 301 999 eis.
346 933 423 1021 Ipsa
447 932 534 997 enim
557 931 630 997 Livi
660 933 760 997 verba
788 932 881 997 nobis
909 933 1015 998 fontes
1047 933 1115 998 eius
1137 934 1281 1020 inquisi-

172 1042 254 1108 turis
277 1043 363 1106 viam
388 1064 450 1126 qua
478 1040 726 1128 procedendum
757 1041 799 1105 sit
832 1045 1142 1109 commonstrabunt.
1187 1043 1281 1108 Nam

172 1152 313 1239 primum
347 1149 479 1238 quidem
503 1171 583 1233 quae
608 1149 769 1214 derebus
793 1151 924 1215 urbanis
947 1152 1110 1238 exposuit,
1140 1151 1280 1217 Livium

173 1281 217 1324 ex
251 1259 395 1346 lontibus
427 1257 614 1322 vernaculis
649 1256 795 1321 hausisse
820 1268 977 1343 quantum
1012 1259 1130 1325 habeat
1153 1262 1280 1347 proba-

172 1347 308 1435 bilitatis
343 1390 411 1435 non
449 1377 499 1432 est
531 1366 619 1452 quod
658 1365 808 1454 pluribus
843 1367 1018 1456 disputem.
1061 1368 1147 1434 Tum
1178 1391 1275 1455 vere,

173 1478 302 1564 quande
335 1479 369 1544 in
403 1477 509 1566 eapite
543 1477 648 1542 XVII
670 1476 711 1540 de
734 1477 830 1542 tertia
853 1478 1004 1544 Marcelli
1025 1477 1161 1544 victoria
1184 1481 1276 1566 apud

172 1588 293 1654 Nolam
315 1597 482 1675 reportata
502 1609 562 1650 nos
587 1585 710 1667 edocet,
742 1587 830 1673 quod
853 1586 978 1652 eisdem
1001 1588 1042 1653 de
1068 1587 1175 1652 causis
1197 1588 1278 1654 huie

172 1698 329 1764 Livianae
361 1695 573 1783 descriptioni
595 1694 694 1762 fidem
710 1696 921 1783 derogamus,
944 1699 1061 1782 quibus
1083 1699 1148 1763 iam
1172 1721 1276 1786 supra

172 1805 311 1872 adducti
333 1829 455 1889 sumus,
477 1815 514 1868 ut
534 1806 661 1892 priores
687 1806 760 1870 illas
781 1807 933 1872 Marcelli
954 1807 1107 1872 victorias
1131 1831 1150 1871 a
1172 1805 1274 1892 Poly-

141 1991 148 2003 ,
176 1917 230 1982 bio
253 1915 377 1980 alienas
399 1935 470 1980 esse
493 1923 722 1990 statueremus,
746 1935 843 1978 nemo
867 1915 984 2002 opinor
1005 1915 1187 1980 mirabitur.

253 2023 335 2089 Inde
369 2047 388 2088 a
422 2023 529 2110 eapite
564 2023 725 2105 vigesimo
752 2021 859 2109 primo
893 2022 981 2088 unde
1015 2023 1153 2088 deflexit
1183 2023 1273 2089 redit

170 2134 282 2201 Livius
305 2134 347 2198 ad
369 2155 424 2198 res
445 2134 479 2198 in
493 2113 609 2199 Sicilia
630 2122 750 2219 gestas.
793 2133 845 2198 Ae
871 2133 1018 2219 quamvis
1042 2133 1176 2221 quidem
1196 2135 1273 2198 nul-

170 2235 238 2310 lum
260 2244 381 2330 Polybi
404 2244 445 2309 de
469 2243 514 2308 eis
538 2251 710 2330 superstes
733 2242 774 2306 sit
795 2245 1025 2327 fragmentum,
1042 2253 1152 2308 tamen
1176 2267 1271 2308 accu-

170 2353 274 2420 ratius·
302 2353 395 2418 nobis
416 2350 668 2438 inspicientibus
700 2349 772 2415 fieri
802 2370 870 2416 nen
891 2351 1022 2438 poterit,
1057 2352 1135 2440 quin
1168 2353 1271 2418 multa

124 2457 127 2466 ’
172 2461 451 2551 οοουηαηῐαρυά
471 2460 614 2541 Livium,
649 2481 732 2547 quae
753 2459 880 2525 fontem
901 2459 1068 2528 Graecum
1088 2460 1269 2528 redoleant.

172 2575 226 2640 Its
249 2582 285 2638 ut
306 2595 407 2637 unum
429 2571 564 2636 efferam
587 2593 662 2638 eum
694 2569 729 2635 in
752 2569 867 2656 capitis
889 2569 1050 2658 trigesimi
1076 2573 1153 2636 terti
1175 2593 1268 2658 para-

169 2684 297 2772 grapho
337 2683 434 2748 tertia
472 2681 629 2768 scriptum
667 2689 777 2746 extet:
815 2681 980 2747 Romanus
1021 2682 1185 2746 exercitus
1229 2683 1269 2750 ed

172 2793 366 2880 Olympium
398 2827 436 2838 -
469 2790 559 2855 Iovis
596 2789 630 2853 id
666 2790 826 2876 templum
851 2801 900 2855 est
931 2827 974 2840 -—
1009 2801 1116 2856 castra
1149 2793 1268 2881 posuit,

171 2923 268 2988 quem
288 2901 384 2966 aliam
395 2910 489 2989 putas
501 2899 601 2966 fiiisse
623 2921 764 2983 oausam,
785 2923 844 2964 eur
858 2899 953 2965 Livio
974 2901 1114 2966 vexilla
1131 2901 1268 2988 ,Olym-

170 3007 279 3099 pium“
310 3007 556 3098 interpretando
586 3009 774 3091 videretur,
809 3009 875 3076 nisi
908 3032 980 3075 eam
1014 3012 1101 3096 quod
1131 3014 1268 3077 verbum

170 3120 258 3208 apud
280 3119 445 3188 Graecum
474 3129 641 3184 auctorem
658 3128 826 3207 repertum
848 3120 1004 3187 Romanis
1039 3121 1095 3208 qui
1113 3119 1268 3206 legerent

131 3287 133 3291 .
170 3231 283 3296 habuit
303 3228 482 3296 obscurius.
526 3226 594 3294 Sed
624 3238 703 3312 este,
727 3235 828 3312 neget
849 3228 921 3314 quis
945 3229 1188 3317 pugnacissime
1211 3229 1267 3295 Li-

170 3341 259 3405 vium
279 3339 315 3403 in
335 3339 397 3405 bae
419 3338 580 3427 particula
604 3347 693 3402 certo
716 3337 813 3402 modo
834 3338 942 3404 evinci
965 3361 1062 3426 posse
1075 3339 1267 3424 Polybianis

169 3449 325 3516 institisse
337 3448 494 3533 vestigiis.
536 3449 584 3512 At
608 3467 690 3534 quae
711 3469 799 3511 nune
813 3447 1015 3534 proposituri
1038 3471 1149 3513 sumus
1169 3470 1266 3534 argu·

171 3569 280 3624 menta
301 3581 339 3624 ea
361 3567 416 3626 ant
433 3556 648 3621 vehementer
671 3555 817 3620 fallimur
838 3566 893 3621 aut
915 3555 1012 3621 simul
1025 3580 1100 3646 spes
1123 3566 1173 3622 est
1194 3559 1267 3622 fore

170 3679 207 3734 ut
229 3670 283 3735 vel
304 3666 515 3735 atrocissimis
546 3665 740 3731 adversariis
762 3666 981 3753 persuadeant
1001 3648 1145 3732 Livium
1163 3675 1267 3732 tetum

170 3778 317 3870 pendere
343 3801 364 3860 a
389 3775 538 3862 Polybio.
581 3776 676 3858 Quae
708 3783 745 3839 ut
767 3785 859 3840 recto
880 3775 1118 3862 intellegantur
1152 3777 1266 3863 paucis

170 3987 365 3995 ——--—-

244 4115 269 4182 1)
286 4113 345 4168 mv.
365 4127 390 4167 ο.
410 4115 435 4177 r,
455 4113 570 4168 10-20.
