2834 4608
618 227 654 294 11

90 438 165 492 rum
187 417 319 483 annales
351 416 540 483 translatam
569 437 640 482 esse
661 417 733 482 veri
755 415 955 483 simillimum
975 411 1118 482 videtur.
1142 439 1181 462 -υ

86 522 285 610 Priusquam
306 523 348 590 ad
369 524 434 590 alia
453 535 653 591 transeamus
676 523 966 590 Weissenbornius
988 521 1181 609 impugnans

86 633 150 702 dus
170 643 221 700 est
240 657 315 700 cum
335 635 437 701 verba
458 632 594 700 Liviana
604 634 645 718 ¹):
665 643 716 699 est
737 633 843 700 atalia
866 633 907 698 de
919 630 1055 721 captivis
1077 627 1181 693 famas

86 742 205 808 decem
224 743 348 830 primos
369 743 497 810 venisse
521 741 562 808 ad
585 743 767 828 Polybisna
789 752 940 830 spectare
962 747 1070 830 putet:
1103 733 1182 802 δέκα

83 846 471 942 τούς.ἕπιφανεστάτους.
513 851 638 918 Decem
650 853 738 918 enim
760 851 881 938 primos
902 850 1007 918 tribus
1028 846 1112 929 aliis,
1125 843 1182 932 qui

85 961 228 1050 insuper
247 970 410 1028 venerunt
441 962 528 1049 (§6)
560 962 682 1052 opponi
715 961 848 1028 aLivio
876 983 936 1051 per
961 981 996 1028 se
1017 966 1117 1050 patet.
1140 991 1181 1008 -·-

84 1073 226 1139 Praeter
256 1093 328 1138 eam
355 1073 629 1140 narratiunculam
650 1071 733 1137 nihil
764 1081 813 1137 est
843 1072 877 1138 in
898 1071 966 1137 fine
986 1069 1063 1136 libri
1088 1065 1181 1151 vige·

86 1180 164 1247 simi
185 1180 333 1264 secundi,
357 1179 445 1266 quod
477 1202 550 1248 cum
570 1180 712 1268 Polybio
743 1199 932 1269 comparare
954 1178 1069 1269 possis·
1114 1174 1182 1260 Qui

85 1311 164 1356 cum
192 1289 226 1354 in
247 1299 395 1356 extremo
427 1290 510 1356 libro
546 1289 644 1358 tertio
679 1291 917 1356 incrementum
950 1288 1038 1375 quod
1066 1308 1181 1376 pugna

86 1398 254 1467 Cannensi
282 1399 602 1486 Carthaginiensium
632 1399 747 1492 opibus
783 1399 916 1464 allatum
956 1399 999 1463 sit
1034 1396 1180 1464 breviter
1304 1482 1307 1497 Ι

83 1507 195 1596 potius
217 1508 381 1596 significet
403 1529 497 1594 quam
516 1495 677 1595 copiosius
698 1508 849 1591 illustret,
879 1507 914 1572 in
944 1506 1073 1573 duobus
1099 1527 1179 1572 vere

83 1616 183 1682 libris
200 1617 448 1704 insequentibus
468 1616 511 1682 de
534 1617 743 1682 Achaeorum
761 1616 850 1682 bello
868 1616 992 1700 sociali,
1017 1615 1060 1681 de
1079 1615 1178 1680 rebus

84 1725 200 1811 Asiae,
223 1713 385 1816 Aegypti,
408 1726 526 1813 Syriae
540 1728 641 1793 verba
660 1727 768 1811 faeiat,
788 1725 822 1792 in
843 1725 928 1791 libro
951 1734 1045 1790 sexto
1069 1723 1178 1812 dispu-

83 1836 242 1902 tationem
262 1836 361 1902 addat
383 1836 424 1902 de
445 1859 482 1902 re
505 1835 637 1923 publica
658 1837 813 1919 Romana,
836 1837 870 1902 in
884 1835 1023 1924 septime
1045 1833 1179 1900 demum

89 1943 136 2011 ad
167 1945 290 2012 bellum
311 1943 568 2014 Hannibalieurn
587 1946 774 2013 revertitur.
817 1946 932 2032 Itaque
965 1966 1047 2032 quae
1068 1941 1181 2010 Livius

26 2117 31 2126 .
87 2063 166 2144 pest
189 2075 319 2141 pugnae
342 2053 526 2121 Cannensis
548 2052 801 2143 descriptionem
830 2056 873 2121 de
901 2053 1120 2144 pulcherrimo
1141 2052 1181 2118 Pa

85 2162 256 2250 Scipionis
275 2162 431 2248 facinore,
466 2161 508 2228 de
528 2164 626 2228 rebus
646 2161 768 2229 Romae
790 2163 930 2251 peractis
960 2161 1059 2228 tradit
1078 2160 1179 2246 Poly-

85 2271 161 2338 bius
195 2281 251 2337 aut
282 2272 381 2359 plane
414 2270 531 2355 omisit,
560 2280 615 2336 aut
645 2270 738 2336 initio
766 2271 843 2338 libri
862 2271 999 2360 ¹septimi
1032 2270 1181 2338 attulisse

85 2381 327 2450 existimandus
349 2391 407 2448 est.
451 2381 655 2468 Quamquam
685 2381 859 2448 admodum
883 2383 1017 2449 dubium
1038 2382 1180 2464 videtur,

85 2513 168 2559 num
193 2490 234 2556 de
255 2490 420 2586 Scipionis
441 2491 667 2579 tam‘egregic
688 2491 725 2556 iu
743 2493 979 2580 rempublicam
999 2493 1181 2560 Romanam

85 2599 207 2666 merito
236 2601 436 2674 mentionem
469 2603 599 2668 fecerit.¹
647 2601 733 2668 Nam
767 2623 841 2666 cum
872 2601 907 2666 in
939 2601 1023 2668 libro
1051 2601 1180 2667 decimo

84 2708 165 2774 inde
198 2731 217 2772 a
256 2709 363 2798 capite
395 2709 623 2776 Behlrerianae
666 2710 818 2778 editionis
863 2711 967 2776 altero
991 2731 1103 2799 usqua
1138 2709 1182 2776 ad

86 2820 255 2906 quintum,
292 2839 355 2905 quo
385 2821 506 2886 rectius
533 2822 574 2888 P.
605 2820 772 2903 Scipionis
802 2843 855 2888 res
887 2819 924 2886 in
950 2817 1111 2908 Hispania
1147 2827 1182 2885 et

85 2927 205 2995 Africa
226 2937 341 3014 gestae
360 2928 627 3014 diiudicarentur‚
653 2927 695 2995 de
716 2931 850 3017 iugenio
874 2929 943 2996 eius
965 2929 1098 3018 vitaque
1119 2949 1180 3016 pu*

88 3037 177 3104 blica
199 3047 297 3104 antea
317 3048 448 3124 peracte
470 3038 708 3124 digressionem
728 3037 834 3122 iaciat,
862 3038 989 3104 tamnus
1008 3039 1091 3105 illud
1112 3059 1179 3105 om·

88 3144 171 3212 nino
194 3146 435 3233 praetermittit.
480 3146 626 3232 Quodsi
648 3156 744 3212 antea
768 3145 803 3210 in
824 3147 952 3236 septimi
980 3145 1057 3214 libri
1086 3147 1180 3214 initio

88 3266 379 3322 commemorasset
414 3255 569 3321 hocloco
599 3256 626 3322 si
659 3277 727 3322 non
749 3255 866 3322 iterum
888 3257 1050 3345 copiosius
1070 3277 1181 3344 perse·-

90 3374 233 3431 cuturue
265 3364 367 3432 fuisse
399 3364 564 3453 putandus
585 3375 649 3450 est,
684 3377 718 3431 at
750 3375 840 3433 certe
872 3366 998 3432 leviter
1015 3367 1180 3455 attingens

86 3473 285 3560 repetiisset.
338 3471 462 3560 Restat,
496 3484 532 3541 ut
565 3474 725 3542 nonnulla
761 3475 802 3540 de
825 3475 863 3542 L.
891 3475 1038 3542 Postumi
1073 3485 1182 3543 morte
1305 3477 1310 3488 '

87 3581 216 3666 addam,
248 3603 345 3669 quem
366 3583 527 3670 Polybius
556 3606 622 3650 una
654 3606 729 3650 cum
761 3584 907 3650 exercitu
937 3607 997 3650 suo
1029 3609 1049 3650 a
1070 3583 1180 3652 Gallis

86 3691 300 3758 interfectum
326 3713 397 3758 esse
427 3695 463 3759 in
492 3703 640 3760 extremo
668 3693 752 3761 libro
782 3695 877 3760 tertio
906 3703 1047 3760 annemt
1095 3693 1181 3761 Eam

88 3800 219 3867 cladem
239 3803 389 3891 proxime
410 3803 571 3893 proelium
583 3803 758 3872 Cannense
780 3815 924 3872 secutam
944 3826 1016 3872 esse
1038 3805 1179 3874 affirmat

89 3933 162 3976 cum
200 3911 301 3976 dicat:
330 3911 384 3978 καὶ
413 3909 474 4000 γὰρ
506 3908 615 4000 ὥςπερ
648 3909 884 4003 ἑπιμετρούσης
913 3915 967 3980 καὶ
994 3937 1180 4002 συνεπαγω·

163 4156 189 4228 1)
204 4157 266 4214 Liv.
290 4160 337 4226 61,
355 4162 382 4217 b·
