2852 4610
703 9 745 70 34

162 190 212 252 ιο.
235 203 263 248 c.
289 187 339 263 ra,
363 186 393 244 4.
416 199 443 244 o.
468 181 519 258 ra,
542 183 573 242 a.
595 199 623 243 a
643 170 699 260 is,
723 181 773 244 17.
797 183 868 259 ιιι,
883 167 1097 263 gymnasiam
1116 172 1303 261 arpinus-

155 297 208 356 tra
230 309 259 354 o.
281 291 342 368 10,
367 290 406 352 12
429 285 540 350 eodem
563 285 737 367 pertinent.
759 319 804 336 «-
828 283 893 352 Sed
918 302 959 352 ea
980 302 1126 368 qnoque,
1158 280 1244 368 quae
1265 284 1304 350 in

160 400 455 474 sommaotsmnt,
477 394 662 478 rogationes
682 393 839 476 singulae,
863 393 1008 476 ipsorum
1031 392 1216 476 rogantium
1225 408 1303 456 vor-

156 505 207 570 bis
232 503 341 568 allatis
362 500 563 580 referuntur3
586 520 613 563 o.
638 503 690 580 19,
714 504 837 579 4·-10;
859 517 887 563 o.
910 503 962 581 20,
986 504 1082 564 4-9.
1126 497 1165 575 Q.
1176 494 1304 562 Fabius

155 611 315 676 blaxirnns
338 614 429 674 racto
450 608 601 690 prinoeps
622 610 691 691 ejus
712 606 863 672 faotionis
885 613 1033 691 apparet,
1057 627 1141 691 quaa
1153 604 1302 689 Soipioni

156 737 286 801 semper
314 711 507 798 oppetebat,
534 712 705 778 Marcellus
732 731 860 796 quoqne
896 719 984 780 reete
1005 713 1050 779 ab
1065 713 1175 777 *altera
1195 717 1304 794 parta

156 829 231 889 stat.
276 821 361 886 Illud
390 840 518 905 quoque
547 814 672 885 moneri
706 821 823 902 possit,
859 819 960 886 rurba
991 820 1167 904 rogationis
1189 819 1302 884 omnia

156 933 255 996 nortis
274 928 339 993 illia
360 927 507 992 formabo
527 945 681 1010 expressa
704 945 797 1007 essa,
820 927 937 1010 quibus
958 927 1095 992 Romani
1116 927 1233 1011 injure
1249 923 1300 989 di·

162 1037 264 1102 oendo
294 1035 489 1111 amianton
516 1033 574 1100 sed
600 1034 663 1099 hoo
698 1032 816 1117 aliquis
843 1034 925 1100 Livii
955 1054 1033 1104 eura
1046 1034 1177 1102 tanum
1199 1033 1300 1112 dieat,

157 1163 353 1229 quamquam
374 1150 443 1207 tam
464 1147 616 1208 securata
638 1143 743 1226 egisse
763 1143 816 1208 vix
836 1144 1004 1226 putandus
1024 1143 1097 1209 erit.

242 1253 369 1336 Itaque,
390 1271 432 1315 ne
454 1251 494 1315 de
515 1250 588 1316 aliis
610 1251 885 1331 rebus’dieamus,
898 1241 961 1317 hoe
982 1251 1054 1318 loeo
1075 1255 1134 1316 ant
1154 1249 1228 1315 fons
1245 1259 1300 1314 ra·

155 1359 283 1444 peritur
304 1378 450 1442 graeom,
473 1357 529 1442 qni
550 1377 659 1423 reram
683 1357 901 1424 Romanarum
922 1359 1221 1444 fnitparihissimns,
1241 1361 1300 1422 aut

158 1465 245 1551 quod
269 1465 350 1528 mihi
363 1451 413 1528 ¹ad
423 1465 591 1530 vamtatem
614 1464 759 1546 proxima
780 1465 911 1532 videtur
931 1465 1102 1546 secedere,
1124 1465 1300 1544 Romanus,

155 1573 213 1656 qui
233 1591 367 1656 ganeas
388 1578 519 1638 autores
539 1569 785 1657 sequebatur&

243 1679 356 1763 Neque
385 1701 463 1745 uero
484 1678 652 1763 Polybium
680 1679 742 1744 boe
762 1678 835 1745 loeo
855 1679 1004 1763 sequitur
1024 1679 1132 1744 livius
1148 1677 1190 1762 ⁸¹)
1224 1677 1301 1741 Pri-

163 1807 251 1852 mum
274 1788 360 1852 enim
382 1786 533 1871 Polybius
562 1788 761 1871 rogationes,
788 1793 918 1853 senatus
939 1787 1105 1866 consulta,
1138 1785 1300 1870 praetoris

163 1895 287 1975 edium,
316 1914 382 1959 non
410 1899 479 1959 tam
506 1899 657 1958 aoeurate
678 1895 892 1977 exposuisset,
923 1899 962 1959 nt
990 1913 1044 1959 res
1074 1914 1096 1958 a
1116 1891 1299 1976 pragmatio

160 2005 256 2068 nimis
278 1989 418 2082 alienas;
451 2007 520 2066 tum
551 2019 628 2066 uero
656 2007 727 2066 tota
747 2001 894 2067 narratio
915 2001 993 2066 talis
1009 2006 1076 2082 est,
1098 2005 1135 2064 ut
1155 1997 1301 2082 Scipioni

159 2133 224 2177 non
245 2131 374 2193 semper
394 2107 673 2190 videaturlarare,
689 2109 740 2192 (de
761 2129 827 2194 qna
854 2129 891 2175 ra
918 2095 1005 2174 inira
1032 2095 1189 2196 disemus)
1214 2106 1302 2190 qnod

160 2217 327 2304 Polybium
351 2237 478 2299 semper
497 2216 614 2283 lenisse
635 2217 763 2282 scimus.
789 2255 827 2266 ··-

249 2324 375 2390 Deinde
387 2321 557 2404 tm,
579 2345 607 2388 e.
623 2329 673 2388 -10
695 2325 876 2408 interrupta
897 2325 938 2391 de
947 2323 1103 2390 Pleminio
1114 2322 1302 2388 narratione

162 2433 205 2499 ad
226 2452 279 2497 res
300 2433 514 2497 Romnnsse
535 2433 703 2502 eonvertit.
746 2432 785 2496 ln
806 2432 924 2515 quihus
952 2431 1123 2498 narrandis
1146 2451 1221 2497 enm
1241 2449 1304 2496 an-

162 2540 293 2606 nalibus
324 2559 395 2606 esse
428 2561 544 2620 usum,
572 2561 643 2606 oum
675 2561 734 2624 per
755 2562 792 2607 se
812 2541 985 2607 veridmile
1006 2545 1074 2622 est,
1095 2545 1165 2605 tum
1186 2536 1306 2606 intelli-

163 2646 252 2729 gitur
270 2665 314 2712 ex
334 2645 414 2728 ipsis
435 2644 551 2725 rebus,
575 2664 663 2728 quae
681 2645 870 2711 afferuntur.
913 2645 1056 2710 Primum
1079 2644 1165 2710 enim
1185 2643 1302 2725 XXIX,

163 2775 192 2819 c.
216 2755 258 2818 10
280 2759 413 2818 serame
435 2753 476 2819 de
498 2755 640 2819 exerdtu
660 2753 776 2820 Licinii
797 2754 915 2820 litteris
943 2755 1062 2821 certior
1088 2751 1137 2833 fit,
1160 2773 1225 2836 qua
1249 2770 1303 2820 ra·

164 2862 256 2926 tione
276 2861 443 2925 annalium
465 2861 640 2944 scriptores
662 2867 809 2928 senatum
832 2864 974 2928 omnium
994 2881 1104 2926 rerum
1125 2849 1306 2944 proculab

166 2969 249 3035 urbe
270 2971 435 3054 gestarum
458 2971 553 3054 quasi
574 2970 739 3043 cardinem
760 2971 880 3055 fingere
899 2970 1061 3036 solebant.
1106 2969 1179 3052 (cfr.
1190 2967 1302 3036 Nissen

166 3098 198 3160 p.
222 3080 272 3154 01,
296 3079 365 3162 at.)
405 3076 505 3157 Τιιιιι,
527 3099 612 3161 quaa
635 3078 676 3142 de
694 3078 801 3144 llatre
830 3078 930 3145 Idaea
954 3079 1090 3144 Romam
1117 3077 1305 3144 sdvabrnda

164 3205 191 3250 e.
215 3187 267 3264 10,
290 3189 387 3264 4-0,
409 3181 450 3249 de
470 3185 632 3269 legatione
652 3188 686 3250 ιιι
708 3185 822 3251 Asiam
843 3208 871 3252 o.
895 3189 954 3267 11,
979 3188 1080 3266 1-a;
1112 3185 1154 3252 de
1175 3187 1306 3253 oraculo

165 3285 326 3373 Apollinis
346 3289 512 3374 Delphici,
533 3313 562 3356 e
586 3295 646 3373 10,
670 3296 778 3374 6-—83
800 3292 840 3356 de
856 3293 993 3358 eomitiis
1013 3292 1170 3358 habendis
1201 3311 1230 3358 o.
1255 3297 1303 3372 11,

225 3505 290 3574 33)
306 3505 417 3574 Optime
433 3507 578 3562 nobiseum
596 3507 734 3562 nomentit
752 3507 787 3561 Η.
804 3495 898 3561 Pater:
923 3506 970 3562 die
987 3506 1101 3575 Qnellen
1117 3506 1284 3612 Plnhrths'
1276 3524 1305 3563 ιιι

166 3599 223 3658 (ιιι
238 3597 580 3670 hemmerannum
616 3601 715 3660 derll
732 3603 761 3670 p.
780 3601 848 3654 55·-
852 3603 897 3661 bt

243 3692 288 3762 34)
306 3691 370 3746 Non
386 3697 462 3748 reete
485 3693 646 3750 Lachmann
669 3694 754 3766 ILp
769 3695 809 3751 50
837 3694 905 3752 ints
926 3693 1001 3767 quod
1035 3647 1195 3764 Polyhins'
1187 3713 1215 3750 ιιι
1236 3647 1306 3754 libro

169 3783 222 3841 XII
246 3783 284 3840 da
308 3783 491 3844 medabus
517 3787 651 3856 ampliora
675 3787 775 3842 dixisse
798 3786 917 3852 ridetur,
935 3783 1157 3856 ooneluditenm
1167 3788 1305 3846 Liviiesaa

170 3875 286 3931 sontem.
321 3873 449 3946 Polybius
473 3879 565 3942 enirn,
589 3879 756 3935 Iorenaibus
773 3897 857 3948 seque
882 3897 916 3934 aa
946 3877 1119 3950 sepontus
1139 3879 1306 3951 eonjunolna

166 3967 230 4038 ΧΠ,
248 3971 279 4038 1,
299 3971 313 4022 1
334 3974 424 4024 totam
450 3988 526 4034 reru,
544 3989 578 4026 ex
594 3990 648 4042 qna
665 3974 724 4028 sine
741 3973 825 4027 dnbio
842 3989 981 4028 summum
998 3971 1093 4028 odium
1111 3972 1140 4027 in
1156 3971 1306 4043 Soipionam

167 4065 259 4116 ortum
294 4067 369 4132 mat,
404 4064 514 4119 ridetur
551 4066 662 4122 mitione
696 4066 789 4122 animo
823 4081 950 4122 namne
978 4066 1157 4137 hominesque
1181 4067 1305 4125 insitatm

167 4155 314 4210 consiliare
330 4156 481 4230 rhodanium
498 4160 574 4228 quod
592 4160 653 4214 fons
671 4158 1019 4218 noetsoatsnonfaoit.
1037 4187 1074 4202 -
