2834 4608
689 246 731 314 45

140 435 370 520 nequaquam
391 439 451 499 'ast
483 432 677 515 verisimile,
711 453 784 496 eum
818 452 879 518 per
908 429 1004 496 aliam
1038 439 1135 518 atque
1165 430 1256 498 adire

140 553 380 608 consueverat
411 552 537 631 portam
568 563 640 606 oum
672 541 794 606 Poenis
831 542 865 605 in
898 541 1054 629 oppidum
1088 542 1256 629 irrupisse.

140 651 303 744 Omnem
336 673 415 718 voro
446 651 680 717 dubitationem
713 649 859 732 eximunt
888 649 990 736 ipsius
1012 651 1133 738 Polybi
1154 651 1257 716 verba

139 764 178 827 in
214 762 334 852 capite
362 761 532 846 trigesimo
571 760 676 846 primo
715 760 877 826 extantia:
908 755 926 825 ὁ
954 760 991 826 δὲ
1019 760 1256 846 προειρημένος

139 870 282 957 ἐγγίσας
307 873 358 959 τῷ,Ι
379 869 479 952 τείχει
508 865 590 936 κατα
613 864 671 936 τὸν
695 865 834 951 ἐθισμὸν
855 868 930 935 ἐπεὶ
950 866 1161 955 προςεσύριξε
1185 871 1252 936 κτλ.

142 983 313 1072 Apparet
331 982 433 1068 igitur
455 981 681 1046 Philemonem
705 1001 765 1067 per
776 981 922 1052 {eandem
944 990 1042 1068 atque
1064 992 1160 1048 antea
1182 983 1271 1068 por-¹

139 1089 223 1158 tam'
251 1092 293 1156 in
315 1093 431 1157 urbem
452 1091 591 1156 venisse.
645 1090 762 1174 Itaque
787 1090 859 1154 loco
881 1099 1111 1177 supranotato
1133 1093 1253 1158 verba:

140 1199 206 1269 τὸν
238 1197 315 1268 ὑπὸ
342 1197 400 1278 τὰς
426 1201 605 1286 Τημενίδας
630 1198 952 1284 προςογορευομὲκας
984 1195 1090 1277 πύλας
1120 1209 1174 1266 aut
1195 1215 1255 1288 pro

142 1309 358 1400 glossemate
394 1310 546 1376 habenda
578 1319 662 1391 sunt,
695 1318 751 1376 aut
786 1309 895 1375 labem
926 1317 1106 1375 traxerunt.
1139 1347 1176 1358 -
1206 1311 1256 1376 At
1349 1323 1357 1336 ⁶

112 1465 113 1468 =
141 1424 258 1488 multo
285 1421 418 1508 gravior
439 1421 526 1485 in'ter
545 1419 675 1503 Livium
689 1429 721 1484 et
742 1416 918 1505 Polybium
938 1419 1113 1484 intercedit
1135 1420 1255 1486 disere-

142 1533 288 1619 pantia,
325 1528 411 1618 quod
440 1531 605 1596 Romanus
640 1551 750 1594 rerum
783 1528 922 1616 scriptor
948 1527 987 1596 O.
1015 1528 1089 1594 Livi
1111 1528 1254 1616 praesidi

144 1635 330 1708 Tarentini
351 1639 506 1727 praefecti
533 1639 657 1704 nullam
682 1637 814 1704 omnino
849 1637 926 1703 facit
949 1638 1161 1704 mentionem.
1202 1641 1254 1706 Ita

145 1751 245 1838 quod
271 1748 431 1836 Polybius
455 1748 488 1814 in
509 1757 656 1814 extremo
679 1746 784 1835 capite
800 1745 937 1814 XXVII
962 1746 1048 1812 diem
1070 1747 1254 1834 proditores

146 1862 352 1926 observasse
373 1858 428 1940 ait,
444 1879 507 1942 quo
523 1858 710 1944 praefectus
732 1855 871 1922 Romani
892 1857 1034 1945 praesidi
1058 1858 1261 1944 tempestivo

145 1968 310 2034 convivio
331 1991 406 2034 oum
428 1967 577 2054 pluribus
600 1967 633 2032 in
652 1969 767 2034 Museo
784 1976 872 2033 esset
893 1967 1119 2050 interfuturus,
1136 1959 1250 2032 Livius

146 2079 293 2144 omnino
317 2077 546 2162 praetermisit.
594 2077 679 2142 Tum
701 2077 797 2165 paulo
822 2077 907 2142 infra
928 2076 962 2141 in
994 2077 1110 2163 capitis
1134 2075 1253 2142 XXIX

148 2191 267 2274 initio,
284 2187 443 2276 Polybius
469 2187 506 2255 O.
527 2189 620 2254 Livio
640 2198 761 2273 narrat,
783 2188 911 2275 poculis
927 2198 1005 2254 tuno
1026 2189 1168 2254 maxime
1190 2189 1253 2254 fer·

148 2300 321 2380 ventibus,
337 2299 526 2366 nunciatum
543 2320 624 2382 esse,
641 2297 801 2364 Numidas
814 2319 927 2382 agrum
943 2297 1102 2386 populari.-
1128 2295 1250 2364 Contra

145 2410 270 2476 Liuius
295 2407 408 2474 eadem
433 2411 502 2474 fers
523 2408 631 2494 inquit
646 2409 729 2473 hora·
742 2407 921 2473 Tarentum
936 2408 1021 2472 fama
1036 2414 1254 2494 praevenerat

147 2517 316 2585 Numidas
342 2518 468 2604 equites
492 2539 612 2606 paucos
635 2518 786 2606 populari
809 2539 905 2601 agros
939 2527 1164 2602 terroremque
1188 2516 1252 2582 late

147 2625 341 2712 agrestibus
371 2626 529 2692 iniecisse.
592 2626 697 2692 Porro
734 2649 806 2692 cum
835 2625 996 2710 Polybius
1026 2626 1187 2693 Niconcm
1220 2635 1253 2691 et

150 2733 354 2821 Tragiscum
381 2726 523 2801 affirmet
551 2734 753 2824 praefectum
779 2737 853 2802 vino
884 2758 1021 2823 gravem
1046 2735 1178 2800 domum
1198 2733 1252 2800 de·

149 2845 303 2928 duxisse,
325 2844 438 2939 Liyius
464 2844 509 2911 eis
528 2846 630 2928 utitur
657 2846 848 2930 ambagibus
869 2855 905 2911 ut
928 2845 1029 2924 dicat,
1055 2843 1154 2910 ceteri
1179 2855 1252 2931 pro·

150 2953 278 3018 ditores
304 2973 342 3017 ea
370 2975 456 3038 quas.
485 2954 667 3042 composita
694 2963 787 3019 erant
811 2955 1055 3041 exspectabant.
1104 2953 1250 3038 Quarum

150 3085 266 3128 rerum
297 3062 486 3128 memoriam
525 3069 583 3128 eu'r
614 3063 727 3128 Livius
763 3057 804 3127 de
837 3062 996 3128 industria
1028 3061 1251 3128 obscuraverit

152 3193 228 3237 eam
249 3171 349 3237 fuisse
370 3195 513 3256 causam,
547 3172 635 3257 quod
669 3195 751 3238 eum
776 3171 918 3237 hominis
941 3169 1069 3259 puduit,
1091 3170 1125 3235 in
1154 3191 1249 3257 quom

152 3283 253 3368 culpa
281 3279 530 3348 Tarentinorum
560 3281 755 3347 defectionis
786 3281 1013 3346 transferenda
1044 3290 1122 3362 erat,
1151 3279 1273 3346 facile'

153 3391 216 3456 cst'
230 3391 410 3457 intellectu.

194 3521 199 3535 ·
264 3500 430 3593 Diffusum
457 3500 578 3586 Polybi
606 3502 758 3568 narrandi
793 3524 898 3588 genus
927 3499 1011 3566 sicut
1047 3485 1249 3586 plurifariam

153 3609 191 3674 in
213 3619 385 3695 angustum
409 3607 521 3696 coegit
541 3610 671 3694 Livius,
699 3611 744 3676 ita
765 3632 806 3678 ne
830 3609 860 3674 ei
883 3607 1014 3698 quidem
1037 3608 1154 3672 desunt
1175 3607 1249 3688 loci,

156 3719 273 3804 quibus
297 3741 359 3806 quo
383 3719 572 3784 concinnior
597 3720 713 3784 evadat
743 3719 859 3802 oratio,
880 3727 1003 3782 textum
1027 3715 1247 3802 Polybianum

154 3827 299 3895 flosculis
322 3837 459 3893 exornet
480 3828 662 3894 rhetoricis.
702 3828 752 3893 Ita
774 3826 991 3913 Polybianum
1012 3824 1110 3890 illud:
1131 3828 1199 3910 τῆς
1212 3823 1248 3890 δὲ

153 3941 220 4003 τῶν
242 3937 412 4021 πολεμίων
431 3931 561 4004 εἰσόδου
585 3939 790 4026 καταφανοῦς
812 3927 875 4022 ἤδη
896 3933 1067 4022 γενομέκης
1091 3938 1163 4012 τοῖς
1187 3941 1247 3998 Τα-

155 4047 314 4132 ραντίνοις
332 4041 460 4134 πλήρης
478 4041 500 4133 ἡ
521 4042 618 4126 πόλις
630 4049 771 4134 κραυγῆς
782 4045 920 4132 ἐγίγνετο
941 4045 995 4110 καὶ
1008 4045 1150 4129 ταραχῆς
1162 4065 1248 4130 παρ-

154 4153 347 4242 ηλλαγμένης
367 4155 411 4221 ita
432 4155 545 4221 Livius
568 4156 716 4221 exhibetr
740 4155 811 4220 Iam
834 4153 991 4220 tumultus
1014 4161 1083 4218 erat
1110 4152 1246 4218 clamor·
