<?xml version="1.0" encoding="UTF-8"?>
<!DOCTYPE html PUBLIC "-//W3C//DTD XHTML 1.0 Transitional//EN"
    "http://www.w3.org/TR/xhtml1/DTD/xhtml1-transitional.dtd">
<html xmlns="http://www.w3.org/1999/xhtml" xml:lang="en" lang="en">
 <head>
  <title>
</title>
<meta http-equiv="Content-Type" content="text/html;charset=utf-8" />
  <meta name='ocr-system' content='tesseract 3.04.00' />
  <meta name='ocr-capabilities' content='ocr_page ocr_carea ocr_par ocr_line ocrx_word'/>
</head>
<body>
  <div class='ocr_page' id='page_1' title='image "./liviusetpolybiu01friegoog_0146.png"; bbox 0 0 2834 4608; ppageno 0'>
   <div class='ocr_carea' id='block_1_1' title="bbox 202 465 1396 786">
    <p class='ocr_par' dir='ltr' id='par_1_1' title="bbox 202 465 1396 786">
     <span class='ocr_line' id='line_1_1' title="bbox 204 465 1298 556; baseline -0.001 -23"><span class='ocrx_word' id='word_1_1' title='bbox 204 478 297 535; x_wconf 88' lang='lat' dir='ltr'>nocte</span> <span class='ocrx_word' id='word_1_2' title='bbox 321 469 451 533; x_wconf 86' lang='lat' dir='ltr'>demum</span> <span class='ocrx_word' id='word_1_3' title='bbox 474 465 715 532; x_wconf 80' lang='lat' dir='ltr'><strong>Hasdrubalem</strong></span> <span class='ocrx_word' id='word_1_4' title='bbox 742 467 777 530; x_wconf 84' lang='lat' dir='ltr'>in</span> <span class='ocrx_word' id='word_1_5' title='bbox 799 468 956 532; x_wconf 88' lang='lat' dir='ltr'>tumulum</span> <span class='ocrx_word' id='word_1_6' title='bbox 989 467 1154 556; x_wconf 81' lang='lat' dir='ltr'>recepisse</span> <span class='ocrx_word' id='word_1_7' title='bbox 1188 468 1298 555; x_wconf 86' lang='lat' dir='ltr'>copias</span> 
     </span>
     <span class='ocr_line' id='line_1_2' title="bbox 202 577 1296 669; baseline -0.001 -26"><span class='ocrx_word' id='word_1_8' title='bbox 202 579 299 669; x_wconf 89' lang='lat' dir='ltr'>plano</span> <span class='ocrx_word' id='word_1_9' title='bbox 329 600 442 665; x_wconf 91' lang='lat' dir='ltr'>campo</span> <span class='ocrx_word' id='word_1_10' title='bbox 472 577 506 642; x_wconf 92' lang='lat' dir='ltr'>in</span> <span class='ocrx_word' id='word_1_11' title='bbox 539 599 663 643; x_wconf 90' lang='lat' dir='ltr'>summo</span> <span class='ocrx_word' id='word_1_12' title='bbox 694 585 860 664; x_wconf 86' lang='lat' dir='ltr'>patentem</span> <span class='ocrx_word' id='word_1_13' title='bbox 883 586 917 643; x_wconf 90' lang='lat' dir='ltr'>et</span> <span class='ocrx_word' id='word_1_14' title='bbox 937 599 1019 664; x_wconf 89' lang='lat' dir='ltr'>quae</span> <span class='ocrx_word' id='word_1_15' title='bbox 1041 587 1206 644; x_wconf 79' lang='lat' dir='ltr'>secuntur.</span> <span class='ocrx_word' id='word_1_16' title='bbox 1258 579 1296 643; x_wconf 91' lang='lat' dir='ltr'>In</span> 
     </span>
     <span class='ocr_line' id='line_1_3' title="bbox 202 685 1396 786; baseline -0.003 -33"><span class='ocrx_word' id='word_1_17' title='bbox 202 686 420 754; x_wconf 83' lang='lat' dir='ltr'>describendo</span> <span class='ocrx_word' id='word_1_18' title='bbox 441 687 526 771; x_wconf 91' lang='lat' dir='ltr'>loco,</span> <span class='ocrx_word' id='word_1_19' title='bbox 548 707 611 771; x_wconf 89' lang='lat' dir='ltr'>quo</span> <span class='ocrx_word' id='word_1_20' title='bbox 629 685 817 752; x_wconf 80' lang='lat' dir='ltr'><strong>Hasdrubal</strong></span> <span class='ocrx_word' id='word_1_21' title='bbox 840 695 943 751; x_wconf 86' lang='lat' dir='ltr'>castra</span> <span class='ocrx_word' id='word_1_22' title='bbox 965 686 1124 767; x_wconf 89' lang='lat' dir='ltr'>habuerit,</span> <span class='ocrx_word' id='word_1_23' title='bbox 1150 687 1295 774; x_wconf 83' lang='lat' dir='ltr'>quamvis</span> <span class='ocrx_word' id='word_1_24' title='bbox 1395 777 1396 786; x_wconf 9' lang='grc' dir='ltr'><strong><em>ρ</em></strong></span> 
     </span>
    </p>
   </div>
   <div class='ocr_carea' id='block_1_2' title="bbox 78 784 1296 882">
    <p class='ocr_par' dir='ltr' id='par_1_2' title="bbox 78 784 1296 882">
     <span class='ocr_line' id='line_1_4' title="bbox 78 784 1296 882; baseline -0.002 -20"><span class='ocrx_word' id='word_1_25' title='bbox 78 784 84 792; x_wconf 61' lang='grc'><strong>’</strong></span> <span class='ocrx_word' id='word_1_26' title='bbox 202 797 236 862; x_wconf 92' lang='lat' dir='ltr'>in</span> <span class='ocrx_word' id='word_1_27' title='bbox 262 797 451 862; x_wconf 87' lang='lat' dir='ltr'>universum</span> <span class='ocrx_word' id='word_1_28' title='bbox 472 794 684 878; x_wconf 79' lang='lat' dir='ltr'>consentiant,</span> <span class='ocrx_word' id='word_1_29' title='bbox 705 803 811 860; x_wconf 86' lang='lat' dir='ltr'>tamen</span> <span class='ocrx_word' id='word_1_30' title='bbox 833 795 916 860; x_wconf 93' lang='lat' dir='ltr'>illud</span> <span class='ocrx_word' id='word_1_31' title='bbox 938 804 987 860; x_wconf 84' lang='lat' dir='ltr'>est</span> <span class='ocrx_word' id='word_1_32' title='bbox 1004 793 1188 880; x_wconf 84' lang='lat' dir='ltr'>offensioni,</span> <span class='ocrx_word' id='word_1_33' title='bbox 1211 795 1296 882; x_wconf 89' lang='lat' dir='ltr'>quod</span> 
     </span>
    </p>
   </div>
   <div class='ocr_carea' id='block_1_3' title="bbox 193 905 1399 4270">
    <p class='ocr_par' dir='ltr' id='par_1_3' title="bbox 193 905 1399 4270">
     <span class='ocr_line' id='line_1_5' title="bbox 201 905 1297 995; baseline -0.005 -20"><span class='ocrx_word' id='word_1_34' title='bbox 201 907 314 975; x_wconf 86' lang='lat' dir='ltr'>Livius</span> <span class='ocrx_word' id='word_1_35' title='bbox 331 907 489 995; x_wconf 90' lang='lat' dir='ltr'>scriptum</span> <span class='ocrx_word' id='word_1_36' title='bbox 510 905 623 972; x_wconf 79' lang='lat' dir='ltr'>habet:</span> <span class='ocrx_word' id='word_1_37' title='bbox 648 909 781 972; x_wconf 85' lang='lat' dir='ltr'>suberat</span> <span class='ocrx_word' id='word_1_38' title='bbox 798 913 831 970; x_wconf 88' lang='lat' dir='ltr'>et</span> <span class='ocrx_word' id='word_1_39' title='bbox 850 905 953 970; x_wconf 86' lang='lat' dir='ltr'>ultera</span> <span class='ocrx_word' id='word_1_40' title='bbox 973 905 1114 971; x_wconf 77' lang='lat' dir='ltr'>interior</span> <span class='ocrx_word' id='word_1_41' title='bbox 1128 905 1297 971; x_wconf 89' lang='lat' dir='ltr'>summissa</span> 
     </span>
     <span class='ocr_line' id='line_1_6' title="bbox 203 1012 1296 1104; baseline -0.002 -24"><span class='ocrx_word' id='word_1_42' title='bbox 203 1015 333 1100; x_wconf 80' lang='lat' dir='ltr'>fastigio</span> <span class='ocrx_word' id='word_1_43' title='bbox 350 1012 521 1104; x_wconf 81' lang='lat' dir='ltr'>planitios3</span> <span class='ocrx_word' id='word_1_44' title='bbox 545 1035 615 1079; x_wconf 86' lang='lat' dir='ltr'>eam</span> <span class='ocrx_word' id='word_1_45' title='bbox 632 1035 760 1102; x_wconf 90' lang='lat' dir='ltr'>quoque</span> <span class='ocrx_word' id='word_1_46' title='bbox 786 1013 887 1080; x_wconf 88' lang='lat' dir='ltr'>altera</span> <span class='ocrx_word' id='word_1_47' title='bbox 909 1013 1042 1102; x_wconf 90' lang='lat' dir='ltr'>crepido</span> <span class='ocrx_word' id='word_1_48' title='bbox 1058 1012 1145 1079; x_wconf 91' lang='lat' dir='ltr'>hand</span> <span class='ocrx_word' id='word_1_49' title='bbox 1169 1013 1296 1079; x_wconf 81' lang='lat' dir='ltr'>facilior</span> 
     </span>
     <span class='ocr_line' id='line_1_7' title="bbox 199 1123 1294 1212; baseline -0.002 -22"><span class='ocrx_word' id='word_1_50' title='bbox 199 1126 234 1191; x_wconf 89' lang='lat' dir='ltr'>in</span> <span class='ocrx_word' id='word_1_51' title='bbox 247 1147 416 1191; x_wconf 89' lang='lat' dir='ltr'>ascensum</span> <span class='ocrx_word' id='word_1_52' title='bbox 437 1124 588 1204; x_wconf 80' lang='lat' dir='ltr'>ambibat,</span> <span class='ocrx_word' id='word_1_53' title='bbox 606 1124 641 1188; x_wconf 90' lang='lat' dir='ltr'>in</span> <span class='ocrx_word' id='word_1_54' title='bbox 664 1123 752 1188; x_wconf 90' lang='lat' dir='ltr'>hunc</span> <span class='ocrx_word' id='word_1_55' title='bbox 775 1123 966 1190; x_wconf 82' lang='lat' dir='ltr'>inferiorem</span> <span class='ocrx_word' id='word_1_56' title='bbox 992 1145 1140 1212; x_wconf 91' lang='lat' dir='ltr'>campum</span> <span class='ocrx_word' id='word_1_57' title='bbox 1164 1133 1294 1212; x_wconf 86' lang='lat' dir='ltr'>postero</span> 
     </span>
     <span class='ocr_line' id='line_1_8' title="bbox 201 1231 1296 1323; baseline -0.003 -22"><span class='ocrx_word' id='word_1_58' title='bbox 201 1236 255 1301; x_wconf 89' lang='lat' dir='ltr'>die</span> <span class='ocrx_word' id='word_1_59' title='bbox 268 1233 465 1317; x_wconf 87' lang='lat' dir='ltr'>Hasdrubal,</span> <span class='ocrx_word' id='word_1_60' title='bbox 487 1241 658 1323; x_wconf 85' lang='lat' dir='ltr'>postquam</span> <span class='ocrx_word' id='word_1_61' title='bbox 674 1242 811 1298; x_wconf 85' lang='lat' dir='ltr'>stantem</span> <span class='ocrx_word' id='word_1_62' title='bbox 828 1255 887 1321; x_wconf 90' lang='lat' dir='ltr'>pro</span> <span class='ocrx_word' id='word_1_63' title='bbox 902 1231 1016 1299; x_wconf 84' lang='lat' dir='ltr'>castris</span> <span class='ocrx_word' id='word_1_64' title='bbox 1032 1233 1173 1298; x_wconf 88' lang='lat' dir='ltr'>hostium</span> <span class='ocrx_word' id='word_1_65' title='bbox 1192 1234 1296 1300; x_wconf 86' lang='lat' dir='ltr'>aciem</span> 
     </span>
     <span class='ocr_line' id='line_1_9' title="bbox 199 1339 1297 1432; baseline -0.003 -23"><span class='ocrx_word' id='word_1_66' title='bbox 199 1347 292 1425; x_wconf 84' lang='lat' dir='ltr'>vidit,</span> <span class='ocrx_word' id='word_1_67' title='bbox 324 1345 449 1432; x_wconf 91' lang='lat' dir='ltr'>equites</span> <span class='ocrx_word' id='word_1_68' title='bbox 482 1342 661 1427; x_wconf 88' lang='lat' dir='ltr'>Numidas,</span> <span class='ocrx_word' id='word_1_69' title='bbox 689 1341 877 1427; x_wconf 87' lang='lat' dir='ltr'>leviumque</span> <span class='ocrx_word' id='word_1_70' title='bbox 905 1339 1069 1408; x_wconf 84' lang='lat' dir='ltr'>armorum</span> <span class='ocrx_word' id='word_1_71' title='bbox 1091 1343 1242 1410; x_wconf 82' lang='lat' dir='ltr'>Baliares</span> <span class='ocrx_word' id='word_1_72' title='bbox 1263 1352 1297 1408; x_wconf 88' lang='lat' dir='ltr'>ct</span> 
     </span>
     <span class='ocr_line' id='line_1_10' title="bbox 204 1447 1295 1540; baseline -0.004 -18"><span class='ocrx_word' id='word_1_73' title='bbox 204 1456 308 1522; x_wconf 87' lang='lat' dir='ltr'>Afros</span> <span class='ocrx_word' id='word_1_74' title='bbox 331 1453 469 1520; x_wconf 85' lang='lat' dir='ltr'>demisit.</span> <span class='ocrx_word' id='word_1_75' title='bbox 513 1452 615 1519; x_wconf 84' lang='lat' dir='ltr'>Cuius</span> <span class='ocrx_word' id='word_1_76' title='bbox 637 1448 786 1540; x_wconf 88' lang='lat' dir='ltr'>planitiei</span> <span class='ocrx_word' id='word_1_77' title='bbox 805 1447 898 1540; x_wconf 74' lang='lat' dir='ltr'>&#39;apud</span> <span class='ocrx_word' id='word_1_78' title='bbox 920 1449 1094 1538; x_wconf 82' lang='lat' dir='ltr'>Polybium</span> <span class='ocrx_word' id='word_1_79' title='bbox 1114 1474 1177 1518; x_wconf 87' lang='lat' dir='ltr'>neo</span> <span class='ocrx_word' id='word_1_80' title='bbox 1200 1452 1295 1518; x_wconf 88' lang='lat' dir='ltr'>vesti·</span> 
     </span>
     <span class='ocr_line' id='line_1_11' title="bbox 201 1549 1293 1651; baseline -0.002 -22"><span class='ocrx_word' id='word_1_81' title='bbox 201 1565 292 1651; x_wconf 82' lang='lat' dir='ltr'>glum</span> <span class='ocrx_word' id='word_1_82' title='bbox 312 1585 374 1630; x_wconf 87' lang='lat' dir='ltr'>nco</span> <span class='ocrx_word' id='word_1_83' title='bbox 394 1563 469 1628; x_wconf 83' lang='lat' dir='ltr'>vola</span> <span class='ocrx_word' id='word_1_84' title='bbox 493 1555 636 1650; x_wconf 85' lang='lat' dir='ltr'>apparet.</span> <span class='ocrx_word' id='word_1_85' title='bbox 670 1563 774 1630; x_wconf 88' lang='lat' dir='ltr'>Porro</span> <span class='ocrx_word' id='word_1_86' title='bbox 798 1583 864 1627; x_wconf 90' lang='lat' dir='ltr'>uon</span> <span class='ocrx_word' id='word_1_87' title='bbox 887 1549 1040 1628; x_wconf 69' lang='lat' dir='ltr'>conbenit</span> <span class='ocrx_word' id='word_1_88' title='bbox 1063 1562 1150 1628; x_wconf 88' lang='lat' dir='ltr'>inter</span> <span class='ocrx_word' id='word_1_89' title='bbox 1172 1571 1293 1627; x_wconf 87' lang='lat' dir='ltr'>utrum·</span> 
     </span>
     <span class='ocr_line' id='line_1_12' title="bbox 202 1664 1295 1760; baseline 0.001 -22"><span class='ocrx_word' id='word_1_90' title='bbox 202 1695 264 1758; x_wconf 89' lang='lat' dir='ltr'>que</span> <span class='ocrx_word' id='word_1_91' title='bbox 289 1672 491 1760; x_wconf 88' lang='lat' dir='ltr'>scriptorem,</span> <span class='ocrx_word' id='word_1_92' title='bbox 514 1669 600 1758; x_wconf 89' lang='lat' dir='ltr'>quod</span> <span class='ocrx_word' id='word_1_93' title='bbox 623 1667 783 1756; x_wconf 85' lang='lat' dir='ltr'>Polybius</span> <span class='ocrx_word' id='word_1_94' title='bbox 803 1664 943 1757; x_wconf 69' lang='grc' dir='ltr'><strong><em>ἀπόρως</em></strong></span> <span class='ocrx_word' id='word_1_95' title='bbox 963 1670 999 1737; x_wconf 79' lang='grc' dir='ltr'>δὲ</span> <span class='ocrx_word' id='word_1_96' title='bbox 1021 1671 1126 1758; x_wconf 89' lang='lat' dir='ltr'>inquit</span> <span class='ocrx_word' id='word_1_97' title='bbox 1146 1669 1295 1756; x_wconf 75' lang='grc' dir='ltr'><strong><em>διέκειτο,</em></strong></span> 
     </span>
     <span class='ocr_line' id='line_1_13' title="bbox 202 1771 1398 1870; baseline -0.005 -21"><span class='ocrx_word' id='word_1_98' title='bbox 202 1786 343 1870; x_wconf 73' lang='grc' dir='ltr'><strong><em>θεωρῶν</em></strong></span> <span class='ocrx_word' id='word_1_99' title='bbox 366 1779 442 1862; x_wconf 77' lang='grc' dir='ltr'>τούς</span> <span class='ocrx_word' id='word_1_100' title='bbox 463 1777 589 1860; x_wconf 81' lang='grc' dir='ltr'><strong><em>τόπους</em></strong></span> <span class='ocrx_word' id='word_1_101' title='bbox 609 1772 743 1869; x_wconf 62' lang='lat' dir='ltr'>rimaris</span> <span class='ocrx_word' id='word_1_102' title='bbox 763 1771 858 1859; x_wconf 66' lang='grc' dir='ltr'><strong><em>ὄντας</em></strong></span> <span class='ocrx_word' id='word_1_103' title='bbox 877 1774 962 1866; x_wconf 78' lang='grc' dir='ltr'><strong><em>πρὸς</em></strong></span> <span class='ocrx_word' id='word_1_104' title='bbox 981 1775 1039 1868; x_wconf 74' lang='grc' dir='ltr'>τὴν</span> <span class='ocrx_word' id='word_1_105' title='bbox 1059 1781 1125 1844; x_wconf 76' lang='grc' dir='ltr'>τῶν</span> <span class='ocrx_word' id='word_1_106' title='bbox 1144 1778 1295 1846; x_wconf 74' lang='grc' dir='ltr'>ἐναντίων</span> <span class='ocrx_word' id='word_1_107' title='bbox 1397 1861 1398 1870; x_wconf 10' lang='grc' dir='ltr'><strong><em>ρ</em></strong></span> 
     </span>
     <span class='ocr_line' id='line_1_14' title="bbox 199 1871 1398 1981; baseline -0.004 -23"><span class='ocrx_word' id='word_1_108' title='bbox 199 1889 387 1981; x_wconf 80' lang='grc' dir='ltr'><strong><em>ἀσφάλειαν.</em></strong></span> <span class='ocrx_word' id='word_1_109' title='bbox 411 1884 450 1958; x_wconf 80' lang='lat' dir='ltr'>ori</span> <span class='ocrx_word' id='word_1_110' title='bbox 466 1887 530 1979; x_wconf 76' lang='grc' dir='ltr'>μὴν</span> <span class='ocrx_word' id='word_1_111' title='bbox 549 1882 632 1958; x_wconf 69' lang='lat' dir='ltr'>&lt;illd</span> <span class='ocrx_word' id='word_1_112' title='bbox 642 1884 945 1976; x_wconf 79' lang='grc' dir='ltr'><strong><em>προςανασχώνόὐο</em></strong></span> <span class='ocrx_word' id='word_1_113' title='bbox 959 1885 1080 1976; x_wconf 74' lang='grc' dir='ltr'><strong><em>ἡμέρας</em></strong></span> <span class='ocrx_word' id='word_1_114' title='bbox 1102 1888 1154 1955; x_wconf 81' lang='grc' dir='ltr'>καὶ</span> <span class='ocrx_word' id='word_1_115' title='bbox 1178 1890 1295 1975; x_wconf 71' lang='lat' dir='ltr'>brayo·</span> <span class='ocrx_word' id='word_1_116' title='bbox 1397 1871 1398 1928; x_wconf 60' lang='lat' dir='ltr'>i</span> 
     </span>
     <span class='ocr_line' id='line_1_15' title="bbox 202 1994 1295 2089; baseline -0.005 -20"><span class='ocrx_word' id='word_1_117' title='bbox 202 1999 324 2081; x_wconf 80' lang='grc' dir='ltr'><strong><em>νιάσας,</em></strong></span> <span class='ocrx_word' id='word_1_118' title='bbox 335 1997 391 2089; x_wconf 73' lang='grc' dir='ltr'>μὴ,</span> <span class='ocrx_word' id='word_1_119' title='bbox 404 2000 700 2088; x_wconf 74' lang='grc' dir='ltr'><strong><em>συνεπιγενομένων</em></strong></span> <span class='ocrx_word' id='word_1_120' title='bbox 710 2003 777 2066; x_wconf 81' lang='grc' dir='ltr'>τῶν</span> <span class='ocrx_word' id='word_1_121' title='bbox 787 2000 865 2084; x_wconf 79' lang='grc' dir='ltr'><strong><em>περὶ</em></strong></span> <span class='ocrx_word' id='word_1_122' title='bbox 876 1995 933 2066; x_wconf 78' lang='grc' dir='ltr'>τὸν</span> <span class='ocrx_word' id='word_1_123' title='bbox 946 1994 1093 2086; x_wconf 77' lang='grc' dir='ltr'><strong><em>Μάγωνα</em></strong></span> <span class='ocrx_word' id='word_1_124' title='bbox 1102 1999 1156 2064; x_wconf 83' lang='grc' dir='ltr'>καὶ</span> <span class='ocrx_word' id='word_1_125' title='bbox 1167 1995 1226 2064; x_wconf 80' lang='grc' dir='ltr'>τὸν</span> <span class='ocrx_word' id='word_1_126' title='bbox 1236 2001 1295 2064; x_wconf 79' lang='grc' dir='ltr'>τοῦ</span> 
     </span>
     <span class='ocr_line' id='line_1_16' title="bbox 195 2101 1293 2195; baseline -0.005 -17"><span class='ocrx_word' id='word_1_127' title='bbox 195 2112 361 2189; x_wconf 81' lang='grc' dir='ltr'><strong><em>Γέσκωνος</em></strong></span> <span class='ocrx_word' id='word_1_128' title='bbox 367 2101 916 2194; x_wconf 70' lang='grc' dir='ltr'><strong><em>Ἀσδρούβαννταπαχόθεναῦτόνοῖ</em></strong></span> <span class='ocrx_word' id='word_1_129' title='bbox 926 2108 1080 2193; x_wconf 79' lang='grc' dir='ltr'><strong><em>πολέμιαι</em></strong></span> <span class='ocrx_word' id='word_1_130' title='bbox 1086 2111 1293 2195; x_wconf 68' lang='grc' dir='ltr'><strong><em>περισπῶσιν,</em></strong></span> 
     </span>
     <span class='ocr_line' id='line_1_17' title="bbox 201 2209 1293 2307; baseline -0.003 -21"><span class='ocrx_word' id='word_1_131' title='bbox 201 2218 306 2307; x_wconf 76' lang='grc' dir='ltr'><strong><em>ἔκρινε</em></strong></span> <span class='ocrx_word' id='word_1_132' title='bbox 321 2214 591 2307; x_wconf 73' lang='grc' dir='ltr'><strong><em>παραβάλλεσθαι</em></strong></span> <span class='ocrx_word' id='word_1_133' title='bbox 605 2219 658 2284; x_wconf 82' lang='grc' dir='ltr'>καὶ</span> <span class='ocrx_word' id='word_1_134' title='bbox 671 2209 917 2304; x_wconf 73' lang='grc' dir='ltr'><strong><em>καταπὲιρᾶζειν</em></strong></span> <span class='ocrx_word' id='word_1_135' title='bbox 930 2221 997 2282; x_wconf 81' lang='grc' dir='ltr'>τῶν</span> <span class='ocrx_word' id='word_1_136' title='bbox 1012 2213 1226 2304; x_wconf 56' lang='lat' dir='ltr'>buccanicum</span> <span class='ocrx_word' id='word_1_137' title='bbox 1239 2217 1293 2285; x_wconf 91' lang='lat' dir='ltr'>Li·</span> 
     </span>
     <span class='ocr_line' id='line_1_18' title="bbox 203 2315 1399 2415; baseline -0.001 -20"><span class='ocrx_word' id='word_1_138' title='bbox 203 2331 273 2395; x_wconf 83' lang='lat' dir='ltr'>vius</span> <span class='ocrx_word' id='word_1_139' title='bbox 287 2351 365 2394; x_wconf 88' lang='lat' dir='ltr'>vero</span> <span class='ocrx_word' id='word_1_140' title='bbox 378 2339 510 2414; x_wconf 85' lang='lat' dir='ltr'>postero</span> <span class='ocrx_word' id='word_1_141' title='bbox 525 2327 588 2393; x_wconf 86' lang='lat' dir='ltr'>iam</span> <span class='ocrx_word' id='word_1_142' title='bbox 604 2327 658 2394; x_wconf 89' lang='lat' dir='ltr'>die</span> <span class='ocrx_word' id='word_1_143' title='bbox 671 2327 858 2414; x_wconf 82' lang='lat' dir='ltr'>Scipionem</span> <span class='ocrx_word' id='word_1_144' title='bbox 876 2336 1048 2415; x_wconf 87' lang='lat' dir='ltr'>postquam</span> <span class='ocrx_word' id='word_1_145' title='bbox 1070 2326 1214 2413; x_wconf 83' lang='lat' dir='ltr'>advenit,</span> <span class='ocrx_word' id='word_1_146' title='bbox 1236 2329 1293 2394; x_wconf 87' lang='lat' dir='ltr'>im·</span> <span class='ocrx_word' id='word_1_147' title='bbox 1398 2315 1399 2350; x_wconf 63' lang='lat'><em>³</em></span> 
     </span>
     <span class='ocr_line' id='line_1_19' title="bbox 201 2437 1293 2525; baseline 0 -21"><span class='ocrx_word' id='word_1_148' title='bbox 201 2447 316 2525; x_wconf 90' lang='lat' dir='ltr'>petum</span> <span class='ocrx_word' id='word_1_149' title='bbox 326 2439 360 2504; x_wconf 91' lang='lat' dir='ltr'>in</span> <span class='ocrx_word' id='word_1_150' title='bbox 370 2438 512 2504; x_wconf 90' lang='lat' dir='ltr'>hostium</span> <span class='ocrx_word' id='word_1_151' title='bbox 524 2446 627 2504; x_wconf 87' lang='lat' dir='ltr'>castra</span> <span class='ocrx_word' id='word_1_152' title='bbox 641 2437 760 2502; x_wconf 86' lang='lat' dir='ltr'>fecisse</span> <span class='ocrx_word' id='word_1_153' title='bbox 775 2437 922 2503; x_wconf 87' lang='lat' dir='ltr'>affirmat.</span> <span class='ocrx_word' id='word_1_154' title='bbox 944 2439 1123 2505; x_wconf 86' lang='lat' dir='ltr'>Praeterea</span> <span class='ocrx_word' id='word_1_155' title='bbox 1138 2438 1293 2505; x_wconf 88' lang='lat' dir='ltr'>orationis</span> 
     </span>
     <span class='ocr_line' id='line_1_20' title="bbox 202 2546 1287 2638; baseline -0.001 -23"><span class='ocrx_word' id='word_1_156' title='bbox 202 2572 297 2638; x_wconf 87' lang='lat' dir='ltr'>quam</span> <span class='ocrx_word' id='word_1_157' title='bbox 310 2547 424 2614; x_wconf 87' lang='lat' dir='ltr'>Livius</span> <span class='ocrx_word' id='word_1_158' title='bbox 444 2556 519 2614; x_wconf 88' lang='lat' dir='ltr'>ante</span> <span class='ocrx_word' id='word_1_159' title='bbox 539 2570 685 2636; x_wconf 85' lang='lat' dir='ltr'>pugnam</span> <span class='ocrx_word' id='word_1_160' title='bbox 699 2547 885 2635; x_wconf 76' lang='lat' dir='ltr'>Scipionem</span> <span class='ocrx_word' id='word_1_161' title='bbox 909 2546 951 2611; x_wconf 86' lang='lat' dir='ltr'>ad</span> <span class='ocrx_word' id='word_1_162' title='bbox 971 2548 1091 2614; x_wconf 87' lang='lat' dir='ltr'>milites</span> <span class='ocrx_word' id='word_1_163' title='bbox 1114 2547 1287 2615; x_wconf 86' lang='lat' dir='ltr'>habentem</span> 
     </span>
     <span class='ocr_line' id='line_1_21' title="bbox 201 2654 1292 2743; baseline 0 -21"><span class='ocrx_word' id='word_1_164' title='bbox 201 2659 287 2738; x_wconf 82' lang='lat' dir='ltr'>facit,</span> <span class='ocrx_word' id='word_1_165' title='bbox 308 2656 435 2722; x_wconf 91' lang='lat' dir='ltr'>nullum</span> <span class='ocrx_word' id='word_1_166' title='bbox 457 2655 543 2743; x_wconf 92' lang='lat' dir='ltr'>apud</span> <span class='ocrx_word' id='word_1_167' title='bbox 566 2654 741 2741; x_wconf 85' lang='lat' dir='ltr'>Polybium</span> <span class='ocrx_word' id='word_1_168' title='bbox 765 2665 855 2721; x_wconf 87' lang='lat' dir='ltr'>extat</span> <span class='ocrx_word' id='word_1_169' title='bbox 876 2654 1060 2740; x_wconf 85' lang='lat' dir='ltr'>vestigium.</span> <span class='ocrx_word' id='word_1_170' title='bbox 1090 2655 1174 2721; x_wconf 84' lang='lat' dir='ltr'>Tum</span> <span class='ocrx_word' id='word_1_171' title='bbox 1195 2678 1238 2722; x_wconf 89' lang='lat' dir='ltr'>ne</span> <span class='ocrx_word' id='word_1_172' title='bbox 1259 2656 1292 2722; x_wconf 90' lang='lat' dir='ltr'>in</span> 
     </span>
     <span class='ocr_line' id='line_1_22' title="bbox 203 2763 1337 2854; baseline -0.001 -23"><span class='ocrx_word' id='word_1_173' title='bbox 203 2787 333 2854; x_wconf 85' lang='lat' dir='ltr'>pugnae</span> <span class='ocrx_word' id='word_1_174' title='bbox 360 2764 490 2852; x_wconf 88' lang='lat' dir='ltr'>quidem</span> <span class='ocrx_word' id='word_1_175' title='bbox 515 2763 731 2853; x_wconf 88' lang='lat' dir='ltr'>descriptione</span> <span class='ocrx_word' id='word_1_176' title='bbox 766 2785 820 2829; x_wconf 92' lang='lat' dir='ltr'>eos</span> <span class='ocrx_word' id='word_1_177' title='bbox 842 2763 984 2830; x_wconf 85' lang='lat' dir='ltr'>interae</span> <span class='ocrx_word' id='word_1_178' title='bbox 1010 2765 1198 2830; x_wconf 87' lang='lat' dir='ltr'>consentire</span> <span class='ocrx_word' id='word_1_179' title='bbox 1222 2788 1289 2831; x_wconf 92' lang='lat' dir='ltr'>nou</span> <span class='ocrx_word' id='word_1_180' title='bbox 1335 2847 1337 2854; x_wconf 12' lang='lat' dir='ltr'>y</span> 
     </span>
     <span class='ocr_line' id='line_1_23' title="bbox 202 2872 1293 2982; baseline 0 -43"><span class='ocrx_word' id='word_1_181' title='bbox 202 2874 317 2939; x_wconf 90' lang='lat' dir='ltr'>mirum</span> <span class='ocrx_word' id='word_1_182' title='bbox 339 2872 479 2939; x_wconf 88' lang='lat' dir='ltr'>videtur.</span> <span class='ocrx_word' id='word_1_183' title='bbox 513 2873 644 2982; x_wconf 56' lang='lat' dir='ltr'>litenim</span> <span class='ocrx_word' id='word_1_184' title='bbox 665 2895 739 2938; x_wconf 91' lang='lat' dir='ltr'>cum</span> <span class='ocrx_word' id='word_1_185' title='bbox 754 2873 913 2958; x_wconf 90' lang='lat' dir='ltr'>Polybius</span> <span class='ocrx_word' id='word_1_186' title='bbox 927 2873 969 2938; x_wconf 90' lang='lat' dir='ltr'>de</span> <span class='ocrx_word' id='word_1_187' title='bbox 994 2872 1214 2940; x_wconf 88' lang='lat' dir='ltr'>summissiore</span> <span class='ocrx_word' id='word_1_188' title='bbox 1234 2873 1293 2939; x_wconf 84' lang='lat' dir='ltr'>illa</span> 
     </span>
     <span class='ocr_line' id='line_1_24' title="bbox 198 2981 1292 3070; baseline 0.001 -25"><span class='ocrx_word' id='word_1_189' title='bbox 198 2981 333 3069; x_wconf 87' lang='lat' dir='ltr'>planitie</span> <span class='ocrx_word' id='word_1_190' title='bbox 347 2983 447 3048; x_wconf 85' lang='lat' dir='ltr'>verba</span> <span class='ocrx_word' id='word_1_191' title='bbox 460 2982 591 3048; x_wconf 90' lang='lat' dir='ltr'>omnino</span> <span class='ocrx_word' id='word_1_192' title='bbox 613 3005 680 3048; x_wconf 88' lang='lat' dir='ltr'>non</span> <span class='ocrx_word' id='word_1_193' title='bbox 702 2981 820 3048; x_wconf 86' lang='lat' dir='ltr'>fecerit</span> <span class='ocrx_word' id='word_1_194' title='bbox 841 3003 900 3068; x_wconf 89' lang='lat' dir='ltr'>por</span> <span class='ocrx_word' id='word_1_195' title='bbox 923 3004 957 3046; x_wconf 91' lang='lat' dir='ltr'>se</span> <span class='ocrx_word' id='word_1_196' title='bbox 979 2989 1077 3070; x_wconf 86' lang='lat' dir='ltr'>patet,</span> <span class='ocrx_word' id='word_1_197' title='bbox 1100 2987 1173 3047; x_wconf 84' lang='lat' dir='ltr'>en&#39;m</span> <span class='ocrx_word' id='word_1_198' title='bbox 1195 2981 1292 3048; x_wconf 85' lang='lat' dir='ltr'>ctiam</span> 
     </span>
     <span class='ocr_line' id='line_1_25' title="bbox 200 3089 1290 3179; baseline 0.001 -24"><span class='ocrx_word' id='word_1_199' title='bbox 200 3089 240 3156; x_wconf 88' lang='lat' dir='ltr'>ds</span> <span class='ocrx_word' id='word_1_200' title='bbox 262 3090 385 3179; x_wconf 86' lang='lat' dir='ltr'>impetu</span> <span class='ocrx_word' id='word_1_201' title='bbox 410 3113 507 3178; x_wconf 91' lang='lat' dir='ltr'>quem</span> <span class='ocrx_word' id='word_1_202' title='bbox 530 3116 549 3158; x_wconf 90' lang='lat' dir='ltr'>a</span> <span class='ocrx_word' id='word_1_203' title='bbox 572 3091 725 3158; x_wconf 84' lang='lat' dir='ltr'>Romanis</span> <span class='ocrx_word' id='word_1_204' title='bbox 757 3092 791 3156; x_wconf 88' lang='lat' dir='ltr'>in</span> <span class='ocrx_word' id='word_1_205' title='bbox 822 3091 913 3156; x_wconf 90' lang='lat' dir='ltr'>illam</span> <span class='ocrx_word' id='word_1_206' title='bbox 945 3091 1065 3157; x_wconf 82' lang='lat' dir='ltr'>sactum</span> <span class='ocrx_word' id='word_1_207' title='bbox 1088 3112 1158 3158; x_wconf 87' lang='lat' dir='ltr'>esse</span> <span class='ocrx_word' id='word_1_208' title='bbox 1180 3090 1290 3158; x_wconf 89' lang='lat' dir='ltr'>Livius</span> 
     </span>
     <span class='ocr_line' id='line_1_26' title="bbox 197 3195 1291 3289; baseline 0.003 -26"><span class='ocrx_word' id='word_1_209' title='bbox 197 3198 276 3264; x_wconf 90' lang='lat' dir='ltr'>dicit</span> <span class='ocrx_word' id='word_1_210' title='bbox 302 3199 383 3264; x_wconf 91' lang='lat' dir='ltr'>nihil</span> <span class='ocrx_word' id='word_1_211' title='bbox 404 3195 711 3289; x_wconf 75' lang='lat' dir='ltr'>tradere&#39;potuisse.</span> <span class='ocrx_word' id='word_1_212' title='bbox 757 3199 840 3265; x_wconf 85' lang='lat' dir='ltr'>Cum</span> <span class='ocrx_word' id='word_1_213' title='bbox 863 3221 995 3266; x_wconf 86' lang='lat' dir='ltr'>causam</span> <span class='ocrx_word' id='word_1_214' title='bbox 1020 3223 1077 3266; x_wconf 89' lang='lat' dir='ltr'>cur</span> <span class='ocrx_word' id='word_1_215' title='bbox 1099 3203 1204 3286; x_wconf 85' lang='lat' dir='ltr'>fugati</span> <span class='ocrx_word' id='word_1_216' title='bbox 1226 3201 1291 3269; x_wconf 83' lang='lat' dir='ltr'>siut</span> 
     </span>
     <span class='ocr_line' id='line_1_27' title="bbox 199 3309 1290 3398; baseline 0.003 -24"><span class='ocrx_word' id='word_1_217' title='bbox 199 3309 488 3394; x_wconf 81' lang='lat' dir='ltr'>Carthaginienses</span> <span class='ocrx_word' id='word_1_218' title='bbox 518 3329 589 3374; x_wconf 90' lang='lat' dir='ltr'>eam</span> <span class='ocrx_word' id='word_1_219' title='bbox 619 3309 719 3376; x_wconf 82' lang='lat' dir='ltr'>fuisse</span> <span class='ocrx_word' id='word_1_220' title='bbox 750 3309 908 3398; x_wconf 91' lang='lat' dir='ltr'>Polybius</span> <span class='ocrx_word' id='word_1_221' title='bbox 939 3311 1091 3393; x_wconf 82' lang='lat' dir='ltr'>affirmet,</span> <span class='ocrx_word' id='word_1_222' title='bbox 1116 3310 1204 3398; x_wconf 91' lang='lat' dir='ltr'>quod</span> <span class='ocrx_word' id='word_1_223' title='bbox 1228 3310 1290 3377; x_wconf 87' lang='lat' dir='ltr'>Ro-</span> 
     </span>
     <span class='ocr_line' id='line_1_28' title="bbox 196 3416 1290 3506; baseline 0.003 -25"><span class='ocrx_word' id='word_1_224' title='bbox 196 3417 283 3482; x_wconf 89' lang='lat' dir='ltr'>mani</span> <span class='ocrx_word' id='word_1_225' title='bbox 304 3416 395 3506; x_wconf 89' lang='lat' dir='ltr'>prius</span> <span class='ocrx_word' id='word_1_226' title='bbox 426 3417 460 3481; x_wconf 94' lang='lat' dir='ltr'>in</span> <span class='ocrx_word' id='word_1_227' title='bbox 487 3439 648 3484; x_wconf 90' lang='lat' dir='ltr'>summum</span> <span class='ocrx_word' id='word_1_228' title='bbox 673 3419 793 3484; x_wconf 86' lang='lat' dir='ltr'>clivum</span> <span class='ocrx_word' id='word_1_229' title='bbox 816 3420 989 3504; x_wconf 86' lang='lat' dir='ltr'>evaserint,</span> <span class='ocrx_word' id='word_1_230' title='bbox 1010 3440 1105 3506; x_wconf 88' lang='lat' dir='ltr'>quam</span> <span class='ocrx_word' id='word_1_231' title='bbox 1128 3441 1220 3487; x_wconf 92' lang='lat' dir='ltr'>suum</span> <span class='ocrx_word' id='word_1_232' title='bbox 1244 3421 1290 3484; x_wconf 92' lang='lat' dir='ltr'>lo·</span> 
     </span>
     <span class='ocr_line' id='line_1_29' title="bbox 197 3526 1291 3618; baseline 0.002 -28"><span class='ocrx_word' id='word_1_233' title='bbox 197 3547 271 3590; x_wconf 91' lang='lat' dir='ltr'>cum</span> <span class='ocrx_word' id='word_1_234' title='bbox 294 3526 436 3592; x_wconf 89' lang='lat' dir='ltr'>hostium</span> <span class='ocrx_word' id='word_1_235' title='bbox 463 3551 584 3594; x_wconf 90' lang='lat' dir='ltr'>cornua</span> <span class='ocrx_word' id='word_1_236' title='bbox 605 3529 769 3618; x_wconf 90' lang='lat' dir='ltr'>cepissent</span> <span class='ocrx_word' id='word_1_237' title='bbox 793 3529 938 3596; x_wconf 89' lang='lat' dir='ltr'>-iusto</span> <span class='ocrx_word' id='word_1_238' title='bbox 970 3528 1074 3596; x_wconf 89' lang='lat' dir='ltr'>serius</span> <span class='ocrx_word' id='word_1_239' title='bbox 1095 3529 1180 3597; x_wconf 89' lang='lat' dir='ltr'>euim</span> <span class='ocrx_word' id='word_1_240' title='bbox 1204 3529 1291 3594; x_wconf 88' lang='lat' dir='ltr'>Has·</span> 
     </span>
     <span class='ocr_line' id='line_1_30' title="bbox 195 3627 1290 3726; baseline 0.004 -28"><span class='ocrx_word' id='word_1_241' title='bbox 195 3634 368 3700; x_wconf 89' lang='lat' dir='ltr'>drubalem</span> <span class='ocrx_word' id='word_1_242' title='bbox 400 3637 554 3702; x_wconf 86' lang='lat' dir='ltr'>ecastris</span> <span class='ocrx_word' id='word_1_243' title='bbox 587 3637 741 3704; x_wconf 83' lang='lat' dir='ltr'>eduxisse</span> <span class='ocrx_word' id='word_1_244' title='bbox 772 3638 878 3726; x_wconf 86' lang='lat' dir='ltr'>copias</span> <span class='ocrx_word' id='word_1_245' title='bbox 901 3679 941 3688; x_wconf 93' lang='lat'>—</span> <span class='ocrx_word' id='word_1_246' title='bbox 963 3627 1075 3705; x_wconf 85' lang='lat' dir='ltr'>Livius</span> <span class='ocrx_word' id='word_1_247' title='bbox 1105 3638 1290 3705; x_wconf 87' lang='lat' dir='ltr'>obscuravit</span> 
     </span>
     <span class='ocr_line' id='line_1_31' title="bbox 194 3744 1288 3835; baseline 0.005 -27"><span class='ocrx_word' id='word_1_248' title='bbox 194 3744 305 3831; x_wconf 87' lang='lat' dir='ltr'>paullo</span> <span class='ocrx_word' id='word_1_249' title='bbox 341 3767 412 3811; x_wconf 89' lang='lat' dir='ltr'>eam</span> <span class='ocrx_word' id='word_1_250' title='bbox 445 3767 525 3829; x_wconf 90' lang='lat' dir='ltr'>rem,</span> <span class='ocrx_word' id='word_1_251' title='bbox 559 3769 632 3812; x_wconf 88' lang='lat' dir='ltr'>oum</span> <span class='ocrx_word' id='word_1_252' title='bbox 667 3748 923 3835; x_wconf 84' lang='lat' dir='ltr'>praetermiserit</span> <span class='ocrx_word' id='word_1_253' title='bbox 957 3748 1039 3814; x_wconf 92' lang='lat' dir='ltr'>illud</span> <span class='ocrx_word' id='word_1_254' title='bbox 1060 3746 1288 3814; x_wconf 87' lang='lat' dir='ltr'>&#39;Hasdrubalis</span> 
     </span>
     <span class='ocr_line' id='line_1_32' title="bbox 194 3855 1288 3946; baseline 0.003 -28"><span class='ocrx_word' id='word_1_255' title='bbox 194 3863 373 3941; x_wconf 86' lang='lat' dir='ltr'>paccatum.</span> <span class='ocrx_word' id='word_1_256' title='bbox 418 3856 513 3940; x_wconf 82' lang='lat' dir='ltr'>Quae</span> <span class='ocrx_word' id='word_1_257' title='bbox 553 3864 619 3920; x_wconf 90' lang='lat' dir='ltr'>tum</span> <span class='ocrx_word' id='word_1_258' title='bbox 654 3865 764 3921; x_wconf 88' lang='lat' dir='ltr'>narrat</span> <span class='ocrx_word' id='word_1_259' title='bbox 796 3855 922 3940; x_wconf 84' lang='lat' dir='ltr'>Livius,</span> <span class='ocrx_word' id='word_1_260' title='bbox 957 3879 997 3922; x_wconf 92' lang='lat' dir='ltr'>ne</span> <span class='ocrx_word' id='word_1_261' title='bbox 1029 3858 1129 3942; x_wconf 86' lang='lat' dir='ltr'>fugae</span> <span class='ocrx_word' id='word_1_262' title='bbox 1157 3855 1288 3946; x_wconf 86' lang='lat' dir='ltr'>quidem</span> 
     </span>
     <span class='ocr_line' id='line_1_33' title="bbox 193 3962 1288 4054; baseline 0.003 -27"><span class='ocrx_word' id='word_1_263' title='bbox 193 3962 337 4052; x_wconf 89' lang='lat' dir='ltr'>patuisse</span> <span class='ocrx_word' id='word_1_264' title='bbox 367 3965 485 4047; x_wconf 89' lang='lat' dir='ltr'>locum,</span> <span class='ocrx_word' id='word_1_265' title='bbox 515 3986 590 4030; x_wconf 91' lang='lat' dir='ltr'>cum</span> <span class='ocrx_word' id='word_1_266' title='bbox 614 3966 779 4032; x_wconf 86' lang='lat' dir='ltr'>Romanae</span> <span class='ocrx_word' id='word_1_267' title='bbox 803 3967 958 4034; x_wconf 89' lang='lat' dir='ltr'>stationes</span> <span class='ocrx_word' id='word_1_268' title='bbox 981 3968 1145 4054; x_wconf 89' lang='lat' dir='ltr'>utrimque</span> <span class='ocrx_word' id='word_1_269' title='bbox 1171 3967 1288 4032; x_wconf 84' lang='lat' dir='ltr'>dextra</span> 
     </span>
     <span class='ocr_line' id='line_1_34' title="bbox 195 4073 1288 4165; baseline 0.002 -28"><span class='ocrx_word' id='word_1_270' title='bbox 195 4074 354 4162; x_wconf 84' lang='lat' dir='ltr'>laevaque</span> <span class='ocrx_word' id='word_1_271' title='bbox 377 4073 571 4140; x_wconf 87' lang='lat' dir='ltr'>insedissent</span> <span class='ocrx_word' id='word_1_272' title='bbox 592 4075 672 4159; x_wconf 86' lang='lat' dir='ltr'>vias,</span> <span class='ocrx_word' id='word_1_273' title='bbox 694 4075 800 4140; x_wconf 90' lang='lat' dir='ltr'>omisit</span> <span class='ocrx_word' id='word_1_274' title='bbox 821 4076 990 4164; x_wconf 86' lang='lat' dir='ltr'>Polybius.</span> <span class='ocrx_word' id='word_1_275' title='bbox 1032 4076 1096 4160; x_wconf 82' lang='lat' dir='ltr'>Qui</span> <span class='ocrx_word' id='word_1_276' title='bbox 1121 4075 1161 4140; x_wconf 91' lang='lat' dir='ltr'>de</span> <span class='ocrx_word' id='word_1_277' title='bbox 1181 4074 1288 4165; x_wconf 89' lang='lat' dir='ltr'>procli</span> 
     </span>
     <span class='ocr_line' id='line_1_35' title="bbox 197 4174 1290 4270; baseline 0.004 -24"><span class='ocrx_word' id='word_1_278' title='bbox 197 4180 288 4246; x_wconf 86' lang='lat' dir='ltr'>exitu</span> <span class='ocrx_word' id='word_1_279' title='bbox 313 4182 358 4248; x_wconf 89' lang='lat' dir='ltr'>ita</span> <span class='ocrx_word' id='word_1_280' title='bbox 384 4182 482 4249; x_wconf 88' lang='lat' dir='ltr'>tradit</span> <span class='ocrx_word' id='word_1_281' title='bbox 513 4193 549 4249; x_wconf 91' lang='lat' dir='ltr'>ut</span> <span class='ocrx_word' id='word_1_282' title='bbox 580 4183 719 4249; x_wconf 89' lang='lat' dir='ltr'>scribat:</span> <span class='ocrx_word' id='word_1_283' title='bbox 751 4174 951 4270; x_wconf 79' lang='grc' dir='ltr'><strong><em>Ἀσδρούβας</em></strong></span> <span class='ocrx_word' id='word_1_284' title='bbox 983 4184 1022 4252; x_wconf 78' lang='grc' dir='ltr'>δὲ</span> <span class='ocrx_word' id='word_1_285' title='bbox 1049 4179 1128 4251; x_wconf 79' lang='grc' dir='ltr'><strong><em>κατὰ</em></strong></span> <span class='ocrx_word' id='word_1_286' title='bbox 1158 4178 1235 4262; x_wconf 73' lang='grc' dir='ltr'><strong><em>τοὺς</em></strong></span> <span class='ocrx_word' id='word_1_287' title='bbox 1255 4182 1290 4266; x_wconf 80' lang='grc' dir='ltr'>ἐξ</span> 
     </span>
    </p>
   </div>
   <div class='ocr_carea' id='block_1_4' title="bbox 0 0 1422 4608">
    <p class='ocr_par' dir='ltr' id='par_1_4' title="bbox 0 0 1422 4608">
     <span class='ocr_line' id='line_1_36' title="bbox 0 0 1422 4608; baseline 0 4"><span class='ocrx_word' id='word_1_288' title='bbox 0 0 1422 4608; x_wconf 95' lang='lat' dir='ltr'> </span> 
     </span>
    </p>
   </div>
  </div>
 </body>
</html>
