2852 4610
674 53 715 116 33

182 224 307 310 ltaque,
321 221 614 307 quactumpitibm
628 222 695 290 Lis.
704 222 821 304 XXIX,
834 227 864 304 3,
878 227 969 288 6-0.
985 223 1163 309 conposita
1173 229 1260 305 sunt,

112 331 251 402 eundem
274 331 396 404 fontem
418 329 550 414 habent,
572 351 669 414 quem
700 331 736 398 in
763 331 862 398 rebus
884 330 1062 416 Hispaniae
1090 331 1261 400 narrandis

111 439 354 521 inveneramus,
382 437 504 507 fontem
538 458 645 504 rerum
680 438 966 524 geographicarum
994 438 1077 506 bene
1109 440 1259 526 peritum,

111 545 430 630 Carthaginiensium
459 565 511 612 res
542 549 693 612 accurate
727 533 960 630 exponentem,
998 546 1069 631 (etr.
1103 547 1259 629 subsidia,

112 675 196 738 quae
220 654 255 723 L.
279 653 399 734 XXIX,
421 657 459 734 4,
487 657 509 718 6
539 653 670 738 Magoni
692 655 883 738 mittuntur)
915 661 949 722 st
979 675 1081 739 aeque
1102 655 1184 722 bene
1206 677 1259 722 res

112 760 482 841 Romanasafferentem,
496 764 595 844 atque
616 760 652 826 in
673 760 772 828 rebus
795 761 847 828 vel
868 760 1008 828 minimis
1028 783 1150 830 cuneo
1162 783 1258 848 quem

113 870 191 934 ante
212 866 437 948 habueramus,
460 865 548 932 fonte
570 866 887 936 consentientem-

201 962 324 1042 Deinde
347 975 384 1042 L.
401 974 528 1056 XXIX,
551 979 582 1057 6,
615 978 630 1041 l
663 977 744 1042 satis
765 976 875 1060 inepte
888 976 1046 1044 transitus
1061 975 1256 1042 fitadaliam
1296 986 1302 992 '

113 1103 183 1152 rem
212 1082 403 1170 fontemque
427 1103 561 1166 prorsus
596 1082 767 1150 diversum.
819 1084 948 1151 Etenim
978 1106 1050 1150 cum
1081 1083 1258 1152 Locrorum

113 1191 309 1276 expugnatio
331 1190 373 1258 ad
396 1210 453 1272 ea„
467 1211 551 1276 quae
573 1195 650 1258 ante
673 1190 863 1273 dictasunt,
887 1213 952 1258 non
973 1192 1136 1260 videretur
1157 1193 1257 1276 porti·

113 1315 200 1376 nare,
212 1294 329 1376 Livius,
340 1293 728 1364 rationeminreniendam
734 1302 840 1378 ratus,
853 1315 919 1380 qua
928 1295 987 1362 bas
996 1296 1200 1364 narrationes
1210 1297 1258 1363 di-

113 1398 313 1475 versissimas
331 1401 490 1484 jungeret,
524 1403 591 1466 tam
623 1399 822 1483 negligenter
844 1399 927 1484 egit,
948 1406 986 1466 ut
1003 1400 1101 1468 alium
1136 1399 1256 1466 sontem

113 1503 264 1588 incipere,
282 1506 350 1588 jam
371 1501 446 1568 inde
465 1500 613 1568 concludi
634 1501 803 1588 possitll).
837 1502 901 1570 Res
923 1508 1032 1572 autern
1050 1504 1132 1586 ipsa,
1145 1523 1257 1568 narra·

112 1611 160 1677 tio
182 1611 426 1695 expugnationis
449 1615 482 1675 et
504 1631 602 1676 cansa
622 1610 812 1693 Plemminii,
835 1610 954 1682 fontem
986 1633 1005 1676 a
1031 1617 1143 1678 nostro
1165 1631 1257 1696 pror·

112 1739 168 1784 sns
187 1717 431 1786 dissentientem
451 1719 593 1802 sapiunt.

200 1825 315 1894 Omnia
337 1829 423 1895 enirn
444 1826 686 1894 accuratissime
706 1827 853 1912 exposita
875 1832 961 1909 sunt,
985 1847 1023 1893 ac
1045 1828 1147 1894 multo
1164 1849 1257 1896 acorr-

113 1936 217 2008 ratIns
237 1934 379 2020 quidem,
400 1954 499 2020 quum
522 1935 594 2020 quis
615 1956 677 2018 pro
700 1935 747 2002 rei
768 1937 927 2020 gravitate
949 1941 1133 2019 exspectem
1166 1937 1257 2023 flagi-

115 2043 163 2110 tia
183 2042 335 2126 praesidii
356 2042 509 2124 Romani,
539 2042 657 2124 XXlX,
685 2063 711 2108 u
734 2047 765 2124 8,
789 2047 881 2110 6-6.
908 2047 968 2124 10;
991 2043 1111 2108 invidia
1131 2045 1174 2112 ob
1197 2045 1256 2114 bas

115 2169 170 2216 res
190 2151 312 2230 Romae
341 2150 375 2216 in
398 2149 578 2234 Scipionem
617 2155 691 2216 orta
722 2149 846 2231 XXIX,
873 2154 929 2225 16,
963 2153 984 2214 4
1016 2150 1126 2222 multis
1147 2139 1256 2221 verbis

112 2262 326 2342 exponuntur,
348 2277 386 2323 ac
407 2257 535 2323 ridetur
556 2256 627 2323 tons
650 2261 761 2324 noster
783 2277 824 2322 ex
844 2256 905 2322 boc
927 2257 1001 2324 odio
1023 2257 1056 2322 in
1075 2255 1255 2341 Scipionem

112 2364 207 2450 quasi
220 2363 371 2450 gaudium
383 2363 546 2448 quoddam
557 2363 689 2448 cepisse.
707 2363 878 2446 LXXIX,
908 2368 990 2446 19,3
1006 2384 1034 2430 c.
1047 2367 1100 2446 20,
1116 2369 1203 2430 leto.
1213 2406 1252 2414 -

110 2474 218 2556 Atque
240 2477 277 2538 ut
302 2472 337 2552 in
359 2471 541 2542 universum
563 2470 604 2536 de
625 2470 683 2554 iis,
706 2492 789 2554 qnae
811 2472 845 2537 in
865 2471 950 2538 libro
971 2471 1087 2552 XXIX,
1112 2477 1198 2540 6-8
1221 2480 1255 2541 et

109 2579 225 2662 XXIX,
241 2583 514 2660 16-23narrata
536 2583 627 2659 sunt,
646 2577 845 2663 judicemus,
867 2578 1023 2646 nonnulla
1045 2578 1139 2646 nobis
1163 2581 1254 2648 inre-

109 2689 198 2756 nisse
218 2687 373 2769 ridemur,
396 2708 481 2773 quae
502 2685 588 2753 hunc
609 2685 731 2754 fontem
754 2687 1082 2772 graecnmsuissoaur
1099 2708 1254 2774 maecum

108 2799 250 2882 aliquem
272 2801 419 2880 autorem
445 2799 591 2864 secutum
613 2815 684 2862 esse
706 2795 859 2865 indicant.
904 2795 1046 2862 Primum
1079 2797 1164 2864 enirn
1188 2797 1253 2864 bis·

108 2905 267 2974 turiurum
288 2923 477 2988 graecarum
498 2901 627 2970 ridetur
656 2903 796 2986 peritus:
814 2901 936 2985 XXIX,
966 2925 991 2969 c.
1016 2907 1047 2985 8,
1074 2908 1094 2968 6
1116 2925 1253 2972 comme

108 3018 234 3094 morat,
270 3009 427 3098 Pyrrhum
457 3016 591 3094 propter
627 3009 803 3094 spoliatum
830 3010 1046 3095 Proserpinae
1078 3010 1251 3080 Locrensis

108 3120 266 3204 templum
286 3117 430 3202 periisse,
453 3116 541 3202 quod
561 3116 593 3182 in
617 3115 903 3184 declamationibus
927 3117 1125 3185 Graecorum
1150 3120 1253 3186 usita-

107 3233 179 3296 tum
212 3230 301 3307 erat,
335 3223 422 3308 qnod
441 3221 564 3301 XXIX,
595 3224 646 3304 18,
671 3227 756 3288 2-6
779 3224 948 3308 repetitur.
991 3223 1116 3293 Deinde
1137 3225 1252 3309 XXIX,

112 3339 163 3418 18,
190 3337 229 3402 16
252 3331 556 3400 ff.resnonnu11ne
585 3350 607 3396 a
628 3329 841 3400 Locrensibus
874 3334 908 3398 in
931 3333 1016 3402 bello
1039 3355 1110 3401 cum
1134 3334 1248 3404 Croto·

107 3444 207 3509 niatis
236 3447 348 3527 gestae
377 3447 411 3506 et
438 3436 628 3505 miraculum
662 3440 826 3524 quoddam
857 3441 1055 3524 afferuntur,
1084 3463 1168 3528 qnae
1191 3444 1252 3510 nisi

109 3572 152 3620 ex
181 3570 296 3636 graeco
325 3547 415 3616 fonte
444 3547 479 3614 in
513 3548 641 3616 Livium
672 3549 859 3634 pervenisse
890 3571 955 3616 non
977 3551 1122 3634 putanda
1146 3558 1250 3618 erunt.

108 3658 237 3726 Deinde
255 3657 371 3740 XXIX,
396 3661 427 3739 9,
450 3659 470 3721 8
494 3656 602 3742 Scipio
625 3656 744 3723 dicitnr
764 3657 1250 3739 „lrecerc“altessanabocros

107 3767 263 3838 advectus
285 3787 375 3868 esseq
396 3785 494 3850 quam
518 3785 626 3831 vocem
648 3783 795 3849 graecam
818 3765 943 3832 Livium
965 3766 999 3831 in
1020 3765 1181 3833 fontesuo
1202 3767 1249 3834 in·

107 3877 234 3944 venisse
256 3881 353 3959 puto;
377 3873 474 3940 etiarn
496 3893 557 3938 vox
581 3873 746 3946 thensauri
767 3874 895 3958 saepius
911 3875 1050 3957 repetita
1071 3873 1195 3960 XXIX,
1219 3879 1248 3956 8,

178 4115 227 4182 62)
246 4110 438 4167 Lachmannus
450 4127 559 4179 qnoque
577 4115 706 4178 sennem,
723 4128 740 4166 a
757 4111 829 4168 libro
847 4109 946 4174 XXIX,
962 4128 984 4166 c.
1003 4113 1021 4164 6
1039 4110 1122 4168 aliurn
1145 4110 1250 4166 tentem

108 4207 239 4276 Incipere,
261 4192 326 4262 nam
344 4205 380 4268 11,
398 4205 433 4258 bd
451 4202 515 4258 iude
532 4203 648 4258 maxime
667 4204 810 4274 Polybium
828 4204 952 4274 usurpari
970 4204 1049 4262 dixit.
1160 4236 1165 4243 ·

946 4305 964 4363 3
