<?xml version="1.0" encoding="UTF-8"?>
<!DOCTYPE html PUBLIC "-//W3C//DTD XHTML 1.0 Transitional//EN"
    "http://www.w3.org/TR/xhtml1/DTD/xhtml1-transitional.dtd">
<html xmlns="http://www.w3.org/1999/xhtml" xml:lang="en" lang="en">
 <head>
  <title>
</title>
<meta http-equiv="Content-Type" content="text/html;charset=utf-8" />
  <meta name='ocr-system' content='tesseract 3.04.00' />
  <meta name='ocr-capabilities' content='ocr_page ocr_carea ocr_par ocr_line ocrx_word'/>
</head>
<body>
  <div class='ocr_page' id='page_1' title='image "./liviusetpolybiu01friegoog_0080.png"; bbox 0 0 2834 4608; ppageno 0'>
   <div class='ocr_carea' id='block_1_1' title="bbox 712 177 733 254">
    <p class='ocr_par' dir='ltr' id='par_1_1' title="bbox 712 177 733 254">
     <span class='ocr_line' id='line_1_1' title="bbox 712 177 733 254; baseline 0 0"><span class='ocrx_word' id='word_1_1' title='bbox 712 177 733 254; x_wconf 71' lang='lat' dir='ltr'><strong>i</strong></span> 
     </span>
    </p>
   </div>
   <div class='ocr_carea' id='block_1_2' title="bbox 142 363 1276 1661">
    <p class='ocr_par' dir='ltr' id='par_1_2' title="bbox 142 363 1276 1661">
     <span class='ocr_line' id='line_1_2' title="bbox 178 363 1272 464; baseline 0 -28"><span class='ocrx_word' id='word_1_2' title='bbox 178 363 423 440; x_wconf 89' lang='lat' dir='ltr'><strong>similitudinem</strong></span> <span class='ocrx_word' id='word_1_3' title='bbox 438 397 591 463; x_wconf 86' lang='lat' dir='ltr'><strong>premens</strong></span> <span class='ocrx_word' id='word_1_4' title='bbox 613 377 755 464; x_wconf 87' lang='lat' dir='ltr'><strong>probare</strong></span> <span class='ocrx_word' id='word_1_5' title='bbox 768 372 901 459; x_wconf 81' lang='lat' dir='ltr'>studuit,</span> <span class='ocrx_word' id='word_1_6' title='bbox 923 366 981 440; x_wconf 91' lang='lat' dir='ltr'><strong>sed</strong></span> <span class='ocrx_word' id='word_1_7' title='bbox 1002 395 1045 440; x_wconf 85' lang='lat' dir='ltr'><strong>ex</strong></span> <span class='ocrx_word' id='word_1_8' title='bbox 1062 391 1101 440; x_wconf 87' lang='lat' dir='ltr'><strong>eo</strong></span> <span class='ocrx_word' id='word_1_9' title='bbox 1123 365 1272 456; x_wconf 81' lang='lat' dir='ltr'>collegit,</span> 
     </span>
     <span class='ocr_line' id='line_1_3' title="bbox 178 481 1272 570; baseline -0.003 -23"><span class='ocrx_word' id='word_1_10' title='bbox 178 484 268 569; x_wconf 91' lang='lat' dir='ltr'><strong>qnod</strong></span> <span class='ocrx_word' id='word_1_11' title='bbox 297 492 385 550; x_wconf 85' lang='lat' dir='ltr'><strong>tanta</strong></span> <span class='ocrx_word' id='word_1_12' title='bbox 405 486 491 551; x_wconf 88' lang='lat' dir='ltr'><strong>inter</strong></span> <span class='ocrx_word' id='word_1_13' title='bbox 522 506 704 552; x_wconf 88' lang='lat' dir='ltr'><strong>sermonem</strong></span> <span class='ocrx_word' id='word_1_14' title='bbox 725 485 898 550; x_wconf 81' lang='lat' dir='ltr'><strong>Liuianum</strong></span> <span class='ocrx_word' id='word_1_15' title='bbox 928 492 1025 570; x_wconf 86' lang='lat' dir='ltr'><strong>atque</strong></span> <span class='ocrx_word' id='word_1_16' title='bbox 1049 481 1272 568; x_wconf 86' lang='lat' dir='ltr'><strong>Polybianum</strong></span> 
     </span>
     <span class='ocr_line' id='line_1_4' title="bbox 142 587 1272 683; baseline -0.001 -26"><span class='ocrx_word' id='word_1_17' title='bbox 142 623 144 628; x_wconf 96' lang='lat'>·</span> <span class='ocrx_word' id='word_1_18' title='bbox 177 591 349 659; x_wconf 86' lang='lat' dir='ltr'><strong>videbatur</strong></span> <span class='ocrx_word' id='word_1_19' title='bbox 370 593 576 660; x_wconf 79' lang='lat' dir='ltr'><strong>intercedere</strong></span> <span class='ocrx_word' id='word_1_20' title='bbox 599 595 762 680; x_wconf 83' lang='lat' dir='ltr'><strong>cognatio,</strong></span> <span class='ocrx_word' id='word_1_21' title='bbox 793 617 874 683; x_wconf 88' lang='lat' dir='ltr'><strong>quae</strong></span> <span class='ocrx_word' id='word_1_22' title='bbox 897 593 958 660; x_wconf 91' lang='lat' dir='ltr'><strong>nisi</strong></span> <span class='ocrx_word' id='word_1_23' title='bbox 990 587 1015 658; x_wconf 86' lang='lat' dir='ltr'><strong>e¹</strong></span> <span class='ocrx_word' id='word_1_24' title='bbox 1029 592 1172 680; x_wconf 87' lang='lat' dir='ltr'>Polybio</span> <span class='ocrx_word' id='word_1_25' title='bbox 1194 591 1272 656; x_wconf 90' lang='lat' dir='ltr'><strong>hau-</strong></span> 
     </span>
     <span class='ocr_line' id='line_1_5' title="bbox 176 699 1274 791; baseline -0.003 -24"><span class='ocrx_word' id='word_1_26' title='bbox 176 701 273 767; x_wconf 90' lang='lat' dir='ltr'><strong>sisset</strong></span> <span class='ocrx_word' id='word_1_27' title='bbox 294 699 415 788; x_wconf 85' lang='lat' dir='ltr'><strong>Livius,</strong></span> <span class='ocrx_word' id='word_1_28' title='bbox 449 725 519 770; x_wconf 88' lang='lat' dir='ltr'><strong>csse</strong></span> <span class='ocrx_word' id='word_1_29' title='bbox 540 704 671 771; x_wconf 91' lang='lat' dir='ltr'><strong>omnino</strong></span> <span class='ocrx_word' id='word_1_30' title='bbox 694 727 761 771; x_wconf 90' lang='lat' dir='ltr'><strong>non</strong></span> <span class='ocrx_word' id='word_1_31' title='bbox 783 713 905 791; x_wconf 89' lang='lat' dir='ltr'><strong>posset.</strong></span> <span class='ocrx_word' id='word_1_32' title='bbox 928 740 966 751; x_wconf 92' lang='lat'><em>—</em></span> <span class='ocrx_word' id='word_1_33' title='bbox 995 702 1145 772; x_wconf 81' lang='lat' dir='ltr'><strong>Similem</strong></span> <span class='ocrx_word' id='word_1_34' title='bbox 1170 699 1211 765; x_wconf 91' lang='lat' dir='ltr'><strong>de</strong></span> <span class='ocrx_word' id='word_1_35' title='bbox 1235 720 1274 764; x_wconf 89' lang='lat' dir='ltr'><strong>ea</strong></span> 
     </span>
     <span class='ocr_line' id='line_1_6' title="bbox 176 807 1272 896; baseline -0.001 -24"><span class='ocrx_word' id='word_1_36' title='bbox 176 828 214 872; x_wconf 90' lang='lat' dir='ltr'><strong>re</strong></span> <span class='ocrx_word' id='word_1_37' title='bbox 237 810 431 892; x_wconf 87' lang='lat' dir='ltr'><strong>sententiam</strong></span> <span class='ocrx_word' id='word_1_38' title='bbox 451 810 559 876; x_wconf 89' lang='lat' dir='ltr'><strong>oblata</strong></span> <span class='ocrx_word' id='word_1_39' title='bbox 581 810 753 878; x_wconf 79' lang='lat' dir='ltr'><strong>occasione</strong></span> <span class='ocrx_word' id='word_1_40' title='bbox 766 811 840 878; x_wconf 90' lang='lat' dir='ltr'><strong>tulit</strong></span> <span class='ocrx_word' id='word_1_41' title='bbox 851 809 1037 896; x_wconf 80' lang='lat' dir='ltr'><strong>Madvigius</strong></span> <span class='ocrx_word' id='word_1_42' title='bbox 1050 809 1086 892; x_wconf 81' lang='grc'><strong>1).</strong></span> <span class='ocrx_word' id='word_1_43' title='bbox 1100 845 1140 854; x_wconf 91' lang='lat'><em>-</em></span> <span class='ocrx_word' id='word_1_44' title='bbox 1152 807 1272 892; x_wconf 86' lang='lat' dir='ltr'><strong>Neque</strong></span> 
     </span>
     <span class='ocr_line' id='line_1_7' title="bbox 176 915 1273 1008; baseline 0.001 -29"><span class='ocrx_word' id='word_1_45' title='bbox 176 939 257 982; x_wconf 85' lang='lat' dir='ltr'><strong>vero</strong></span> <span class='ocrx_word' id='word_1_46' title='bbox 283 918 459 984; x_wconf 89' lang='lat' dir='ltr'><strong>defuerunt</strong></span> <span class='ocrx_word' id='word_1_47' title='bbox 479 919 541 985; x_wconf 86' lang='lat' dir='ltr'><strong>viri</strong></span> <span class='ocrx_word' id='word_1_48' title='bbox 563 919 662 1004; x_wconf 90' lang='lat' dir='ltr'><strong>docti,</strong></span> <span class='ocrx_word' id='word_1_49' title='bbox 698 920 753 1008; x_wconf 88' lang='lat' dir='ltr'><strong>qui</strong></span> <span class='ocrx_word' id='word_1_50' title='bbox 775 921 869 988; x_wconf 89' lang='lat' dir='ltr'><strong>aliter</strong></span> <span class='ocrx_word' id='word_1_51' title='bbox 896 919 1090 984; x_wconf 88' lang='lat' dir='ltr'><strong>iudicarent.</strong></span> <span class='ocrx_word' id='word_1_52' title='bbox 1133 918 1185 984; x_wconf 87' lang='lat' dir='ltr'><strong>Ita</strong></span> <span class='ocrx_word' id='word_1_53' title='bbox 1206 915 1273 980; x_wconf 91' lang='lat' dir='ltr'><strong>iam</strong></span> 
     </span>
     <span class='ocr_line' id='line_1_8' title="bbox 175 1017 1272 1117; baseline -0.001 -27"><span class='ocrx_word' id='word_1_54' title='bbox 175 1024 411 1112; x_wconf 71' lang='lat' dir='ltr'><strong>Niebuhrius2)</strong></span> <span class='ocrx_word' id='word_1_55' title='bbox 432 1026 562 1096; x_wconf 85' lang='lat' dir='ltr'><strong>Livium</strong></span> <span class='ocrx_word' id='word_1_56' title='bbox 583 1037 684 1113; x_wconf 82' lang='lat' dir='ltr'><strong>negat</strong></span> <span class='ocrx_word' id='word_1_57' title='bbox 706 1017 788 1117; x_wconf 72' lang='lat' dir='ltr'><strong>opus</strong></span> <span class='ocrx_word' id='word_1_58' title='bbox 802 1028 1020 1115; x_wconf 88' lang='lat' dir='ltr'><strong>Polybianum</strong></span> <span class='ocrx_word' id='word_1_59' title='bbox 1036 1035 1112 1094; x_wconf 86' lang='lat' dir='ltr'><strong>ante</strong></span> <span class='ocrx_word' id='word_1_60' title='bbox 1126 1024 1272 1092; x_wconf 89' lang='lat' dir='ltr'><strong>medium</strong></span> 
     </span>
     <span class='ocr_line' id='line_1_9' title="bbox 175 1135 1273 1220; baseline 0 -20"><span class='ocrx_word' id='word_1_61' title='bbox 175 1135 301 1201; x_wconf 89' lang='lat' dir='ltr'><strong>bellum</strong></span> <span class='ocrx_word' id='word_1_62' title='bbox 324 1136 577 1204; x_wconf 87' lang='lat' dir='ltr'><strong>Hannibalieum</strong></span> <span class='ocrx_word' id='word_1_63' title='bbox 599 1138 797 1206; x_wconf 81' lang='lat' dir='ltr'><strong>adhibuisse.</strong></span> <span class='ocrx_word' id='word_1_64' title='bbox 840 1137 1031 1205; x_wconf 83' lang='lat' dir='ltr'><strong>Assentitur</strong></span> <span class='ocrx_word' id='word_1_65' title='bbox 1055 1135 1086 1204; x_wconf 80' lang='lat' dir='ltr'><strong>ei</strong></span> <span class='ocrx_word' id='word_1_66' title='bbox 1110 1135 1273 1220; x_wconf 79' lang='lat' dir='ltr'><strong>Schwcg·.</strong></span> 
     </span>
     <span class='ocr_line' id='line_1_10' title="bbox 174 1242 1274 1333; baseline 0 -26"><span class='ocrx_word' id='word_1_67' title='bbox 174 1242 300 1323; x_wconf 81' lang='lat' dir='ltr'><strong>lerus³)</strong></span> <span class='ocrx_word' id='word_1_68' title='bbox 323 1267 451 1316; x_wconf 86' lang='lat' dir='ltr'><strong>causam</strong></span> <span class='ocrx_word' id='word_1_69' title='bbox 475 1245 696 1333; x_wconf 76' lang='lat' dir='ltr'><strong>suppeditans,</strong></span> <span class='ocrx_word' id='word_1_70' title='bbox 717 1246 805 1332; x_wconf 87' lang='lat' dir='ltr'><strong>quod</strong></span> <span class='ocrx_word' id='word_1_71' title='bbox 825 1243 936 1314; x_wconf 78' lang='lat' dir='ltr'><strong>Livius</strong></span> <span class='ocrx_word' id='word_1_72' title='bbox 966 1245 1095 1314; x_wconf 88' lang='lat' dir='ltr'><strong>silentio</strong></span> <span class='ocrx_word' id='word_1_73' title='bbox 1126 1252 1274 1332; x_wconf 85' lang='lat' dir='ltr'><strong>praeter·</strong></span> 
     </span>
     <span class='ocr_line' id='line_1_11' title="bbox 175 1350 1274 1440; baseline 0.002 -26"><span class='ocrx_word' id='word_1_74' title='bbox 175 1350 301 1418; x_wconf 83' lang='lat' dir='ltr'><strong>miserit</strong></span> <span class='ocrx_word' id='word_1_75' title='bbox 325 1374 406 1437; x_wconf 88' lang='lat' dir='ltr'><strong>quae</strong></span> <span class='ocrx_word' id='word_1_76' title='bbox 430 1352 591 1440; x_wconf 82' lang='lat' dir='ltr'><strong>Polybius</strong></span> <span class='ocrx_word' id='word_1_77' title='bbox 626 1352 667 1418; x_wconf 90' lang='lat' dir='ltr'><strong>de</strong></span> <span class='ocrx_word' id='word_1_78' title='bbox 698 1353 886 1422; x_wconf 79' lang='lat' dir='ltr'><strong>foederibus</strong></span> <span class='ocrx_word' id='word_1_79' title='bbox 917 1353 983 1418; x_wconf 83' lang='lat' dir='ltr'><strong>illis</strong></span> <span class='ocrx_word' id='word_1_80' title='bbox 1002 1353 1088 1422; x_wconf 91' lang='lat' dir='ltr'><strong>inter</strong></span> <span class='ocrx_word' id='word_1_81' title='bbox 1108 1352 1274 1419; x_wconf 86' lang='lat' dir='ltr'><strong>Romanos</strong></span> 
     </span>
     <span class='ocr_line' id='line_1_12' title="bbox 176 1458 1274 1550; baseline -0.002 -24"><span class='ocrx_word' id='word_1_82' title='bbox 176 1469 209 1526; x_wconf 89' lang='lat' dir='ltr'><strong>ot</strong></span> <span class='ocrx_word' id='word_1_83' title='bbox 242 1460 536 1546; x_wconf 84' lang='lat' dir='ltr'><strong>Carthaginienses</strong></span> <span class='ocrx_word' id='word_1_84' title='bbox 573 1471 649 1528; x_wconf 89' lang='lat' dir='ltr'><strong>ante</strong></span> <span class='ocrx_word' id='word_1_85' title='bbox 679 1463 819 1550; x_wconf 85' lang='lat' dir='ltr'><strong>primum</strong></span> <span class='ocrx_word' id='word_1_86' title='bbox 852 1462 975 1530; x_wconf 85' lang='lat' dir='ltr'><strong>bellum</strong></span> <span class='ocrx_word' id='word_1_87' title='bbox 1005 1461 1168 1528; x_wconf 85' lang='lat' dir='ltr'><strong>Punicum</strong></span> <span class='ocrx_word' id='word_1_88' title='bbox 1199 1458 1274 1526; x_wconf 86' lang='lat' dir='ltr'><strong>ictis</strong></span> 
     </span>
     <span class='ocr_line' id='line_1_13' title="bbox 177 1568 1276 1661; baseline 0.001 -27"><span class='ocrx_word' id='word_1_89' title='bbox 177 1572 450 1638; x_wconf 87' lang='lat' dir='ltr'><strong>commemoravit.</strong></span> <span class='ocrx_word' id='word_1_90' title='bbox 486 1605 523 1619; x_wconf 92' lang='lat'>-</span> <span class='ocrx_word' id='word_1_91' title='bbox 558 1570 659 1641; x_wconf 80' lang='lat' dir='ltr'><strong>Cuius</strong></span> <span class='ocrx_word' id='word_1_92' title='bbox 695 1571 876 1638; x_wconf 86' lang='lat' dir='ltr'><strong>sententiae</strong></span> <span class='ocrx_word' id='word_1_93' title='bbox 912 1571 1126 1661; x_wconf 71' lang='lat' dir='ltr'><strong>patrocinium</strong></span> <span class='ocrx_word' id='word_1_94' title='bbox 1162 1568 1276 1636; x_wconf 81' lang='lat' dir='ltr'><strong>dedita</strong></span> 
     </span>
    </p>
   </div>
   <div class='ocr_carea' id='block_1_3' title="bbox 175 1677 1338 1767">
    <p class='ocr_par' dir='ltr' id='par_1_3' title="bbox 175 1677 1338 1767">
     <span class='ocr_line' id='line_1_14' title="bbox 175 1677 1338 1767; baseline 0.002 -25"><span class='ocrx_word' id='word_1_95' title='bbox 175 1698 274 1764; x_wconf 82' lang='lat' dir='ltr'><strong>opera</strong></span> <span class='ocrx_word' id='word_1_96' title='bbox 308 1679 451 1767; x_wconf 85' lang='lat' dir='ltr'><strong>suscepit</strong></span> <span class='ocrx_word' id='word_1_97' title='bbox 471 1679 508 1746; x_wconf 85' lang='grc' dir='ltr'><strong>Ο.</strong></span> <span class='ocrx_word' id='word_1_98' title='bbox 533 1679 590 1752; x_wconf 89' lang='lat' dir='ltr'><strong>W.</strong></span> <span class='ocrx_word' id='word_1_99' title='bbox 611 1679 845 1762; x_wconf 71' lang='lat' dir='ltr'><strong>Nitzschius4),</strong></span> <span class='ocrx_word' id='word_1_100' title='bbox 868 1679 913 1747; x_wconf 89' lang='lat' dir='ltr'><strong>ita</strong></span> <span class='ocrx_word' id='word_1_101' title='bbox 934 1688 970 1746; x_wconf 92' lang='lat' dir='ltr'><strong>ut</strong></span> <span class='ocrx_word' id='word_1_102' title='bbox 988 1678 1120 1746; x_wconf 88' lang='lat' dir='ltr'><strong>Livium</strong></span> <span class='ocrx_word' id='word_1_103' title='bbox 1143 1677 1178 1744; x_wconf 91' lang='lat' dir='ltr'><strong>in</strong></span> <span class='ocrx_word' id='word_1_104' title='bbox 1199 1700 1275 1744; x_wconf 87' lang='lat' dir='ltr'><strong>nar·</strong></span> <span class='ocrx_word' id='word_1_105' title='bbox 1335 1699 1338 1704; x_wconf 88' lang='lat'>·</span> 
     </span>
    </p>
   </div>
   <div class='ocr_carea' id='block_1_4' title="bbox 175 1781 1275 2209">
    <p class='ocr_par' dir='ltr' id='par_1_4' title="bbox 175 1781 1275 2209">
     <span class='ocr_line' id='line_1_15' title="bbox 178 1781 1275 1888; baseline 0.002 -38"><span class='ocrx_word' id='word_1_106' title='bbox 178 1785 289 1852; x_wconf 88' lang='lat' dir='ltr'><strong>randis</strong></span> <span class='ocrx_word' id='word_1_107' title='bbox 311 1788 409 1854; x_wconf 90' lang='lat' dir='ltr'><strong>rebus</strong></span> <span class='ocrx_word' id='word_1_108' title='bbox 431 1787 523 1858; x_wconf 88' lang='lat' dir='ltr'><strong>initio</strong></span> <span class='ocrx_word' id='word_1_109' title='bbox 545 1788 625 1856; x_wconf 87' lang='lat' dir='ltr'><strong>belli</strong></span> <span class='ocrx_word' id='word_1_110' title='bbox 644 1787 854 1888; x_wconf 68' lang='lat' dir='ltr'><strong>Hannibaliyi</strong></span> <span class='ocrx_word' id='word_1_111' title='bbox 878 1781 981 1875; x_wconf 85' lang='lat' dir='ltr'><strong>gestis</strong></span> <span class='ocrx_word' id='word_1_112' title='bbox 1005 1810 1072 1854; x_wconf 92' lang='lat' dir='ltr'><strong>non</strong></span> <span class='ocrx_word' id='word_1_113' title='bbox 1094 1786 1275 1874; x_wconf 85' lang='lat' dir='ltr'><strong>Polybium</strong></span> 
     </span>
     <span class='ocr_line' id='line_1_16' title="bbox 178 1896 1273 1984; baseline 0.001 -23"><span class='ocrx_word' id='word_1_114' title='bbox 178 1905 330 1965; x_wconf 85' lang='lat' dir='ltr'><strong>secutum</strong></span> <span class='ocrx_word' id='word_1_115' title='bbox 363 1919 445 1982; x_wconf 84' lang='lat' dir='ltr'><strong>esse,</strong></span> <span class='ocrx_word' id='word_1_116' title='bbox 476 1897 535 1964; x_wconf 92' lang='lat' dir='ltr'><strong>sed</strong></span> <span class='ocrx_word' id='word_1_117' title='bbox 555 1907 728 1984; x_wconf 86' lang='lat' dir='ltr'><strong>utrumque</strong></span> <span class='ocrx_word' id='word_1_118' title='bbox 762 1907 926 1966; x_wconf 85' lang='lat' dir='ltr'><strong>auctorem</strong></span> <span class='ocrx_word' id='word_1_119' title='bbox 957 1896 1159 1964; x_wconf 91' lang='lat' dir='ltr'><strong>ccommuni</strong></span> <span class='ocrx_word' id='word_1_120' title='bbox 1179 1897 1273 1962; x_wconf 82' lang='lat' dir='ltr'><strong>fonte</strong></span> 
     </span>
     <span class='ocr_line' id='line_1_17' title="bbox 175 2005 1272 2093; baseline -0.003 -21"><span class='ocrx_word' id='word_1_121' title='bbox 175 2006 325 2078; x_wconf 82' lang='lat' dir='ltr'><strong>hausisse</strong></span> <span class='ocrx_word' id='word_1_122' title='bbox 356 2008 546 2076; x_wconf 84' lang='lat' dir='ltr'><strong>affirmaret.</strong></span> <span class='ocrx_word' id='word_1_123' title='bbox 588 2007 673 2074; x_wconf 85' lang='lat' dir='ltr'><strong>Eum</strong></span> <span class='ocrx_word' id='word_1_124' title='bbox 711 2009 856 2093; x_wconf 78' lang='lat' dir='ltr'><strong>iontem,</strong></span> <span class='ocrx_word' id='word_1_125' title='bbox 892 2031 963 2074; x_wconf 88' lang='lat' dir='ltr'><strong>cum</strong></span> <span class='ocrx_word' id='word_1_126' title='bbox 1005 2016 1099 2074; x_wconf 85' lang='lat' dir='ltr'><strong>antea</strong></span> <span class='ocrx_word' id='word_1_127' title='bbox 1134 2005 1272 2073; x_wconf 82' lang='lat' dir='ltr'><strong>Fabium</strong></span> 
     </span>
     <span class='ocr_line' id='line_1_18' title="bbox 175 2115 1271 2209; baseline -0.001 -28"><span class='ocrx_word' id='word_1_128' title='bbox 175 2115 339 2184; x_wconf 89' lang='lat' dir='ltr'><strong>Pictorem</strong></span> <span class='ocrx_word' id='word_1_129' title='bbox 363 2119 465 2186; x_wconf 85' lang='lat' dir='ltr'><strong>luisse</strong></span> <span class='ocrx_word' id='word_1_130' title='bbox 486 2119 548 2188; x_wconf 87' lang='lat' dir='ltr'><strong>sibi</strong></span> <span class='ocrx_word' id='word_1_131' title='bbox 568 2119 796 2209; x_wconf 87' lang='lat' dir='ltr'><strong>persuasisset,</strong></span> <span class='ocrx_word' id='word_1_132' title='bbox 816 2139 921 2205; x_wconf 88' lang='lat' dir='ltr'><strong>nuper</strong></span> <span class='ocrx_word' id='word_1_133' title='bbox 933 2121 959 2198; x_wconf 68' lang='grc'><strong>6)</strong></span> <span class='ocrx_word' id='word_1_134' title='bbox 981 2116 1022 2184; x_wconf 87' lang='lat' dir='ltr'><strong>de</strong></span> <span class='ocrx_word' id='word_1_135' title='bbox 1045 2115 1159 2184; x_wconf 85' lang='lat' dir='ltr'><strong>Coelio</strong></span> <span class='ocrx_word' id='word_1_136' title='bbox 1183 2115 1271 2204; x_wconf 82' lang='lat' dir='ltr'><strong>cogi·</strong></span> 
     </span>
    </p>
   </div>
   <div class='ocr_carea' id='block_1_5' title="bbox 175 2224 1389 2318">
    <p class='ocr_par' dir='ltr' id='par_1_5' title="bbox 175 2224 1389 2318">
     <span class='ocr_line' id='line_1_19' title="bbox 175 2224 1389 2318; baseline -0.002 -26"><span class='ocrx_word' id='word_1_137' title='bbox 175 2226 259 2292; x_wconf 82' lang='lat' dir='ltr'><strong>tavit</strong></span> <span class='ocrx_word' id='word_1_138' title='bbox 278 2227 466 2317; x_wconf 85' lang='lat' dir='ltr'><strong>Antipatro,</strong></span> <span class='ocrx_word' id='word_1_139' title='bbox 488 2251 585 2314; x_wconf 88' lang='lat' dir='ltr'><strong>quem</strong></span> <span class='ocrx_word' id='word_1_140' title='bbox 612 2230 648 2295; x_wconf 89' lang='lat' dir='ltr'><strong>in</strong></span> <span class='ocrx_word' id='word_1_141' title='bbox 678 2250 716 2293; x_wconf 89' lang='lat' dir='ltr'><strong>ea</strong></span> <span class='ocrx_word' id='word_1_142' title='bbox 735 2227 943 2294; x_wconf 88' lang='lat' dir='ltr'><strong>historiarum</strong></span> <span class='ocrx_word' id='word_1_143' title='bbox 967 2236 1059 2316; x_wconf 88' lang='lat' dir='ltr'><strong>parte</strong></span> <span class='ocrx_word' id='word_1_144' title='bbox 1080 2224 1195 2292; x_wconf 82' lang='lat' dir='ltr'><strong>Livius</strong></span> <span class='ocrx_word' id='word_1_145' title='bbox 1216 2224 1271 2291; x_wconf 92' lang='lat' dir='ltr'><strong>ad·</strong></span> <span class='ocrx_word' id='word_1_146' title='bbox 1388 2315 1389 2318; x_wconf 8' lang='grc' dir='ltr'><strong>Ἴ</strong></span> 
     </span>
    </p>
   </div>
   <div class='ocr_carea' id='block_1_6' title="bbox 174 2321 1389 2970">
    <p class='ocr_par' dir='ltr' id='par_1_6' title="bbox 174 2321 1389 2970">
     <span class='ocr_line' id='line_1_20' title="bbox 174 2321 1389 2426; baseline -0.001 -26"><span class='ocrx_word' id='word_1_147' title='bbox 174 2334 343 2404; x_wconf 87' lang='lat' dir='ltr'><strong>hibuisset.</strong></span> <span class='ocrx_word' id='word_1_148' title='bbox 366 2335 574 2424; x_wconf 84' lang='lat' dir='ltr'><strong>-Longius</strong></span> <span class='ocrx_word' id='word_1_149' title='bbox 596 2359 789 2426; x_wconf 79' lang='lat' dir='ltr'><strong>progressus</strong></span> <span class='ocrx_word' id='word_1_150' title='bbox 819 2346 869 2403; x_wconf 88' lang='lat' dir='ltr'><strong>est</strong></span> <span class='ocrx_word' id='word_1_151' title='bbox 890 2336 1080 2421; x_wconf 65' lang='lat' dir='ltr'><strong>Michaell),</strong></span> <span class='ocrx_word' id='word_1_152' title='bbox 1114 2335 1271 2422; x_wconf 90' lang='lat' dir='ltr'><strong>quinum</strong></span> <span class='ocrx_word' id='word_1_153' title='bbox 1388 2321 1389 2354; x_wconf 61' lang='lat'>³</span> 
     </span>
     <span class='ocr_line' id='line_1_21' title="bbox 176 2442 1389 2533; baseline 0 -23"><span class='ocrx_word' id='word_1_154' title='bbox 176 2443 309 2510; x_wconf 93' lang='lat' dir='ltr'><strong>omnino</strong></span> <span class='ocrx_word' id='word_1_155' title='bbox 331 2444 507 2533; x_wconf 90' lang='lat' dir='ltr'><strong>quidquam</strong></span> <span class='ocrx_word' id='word_1_156' title='bbox 528 2445 642 2512; x_wconf 88' lang='lat' dir='ltr'><strong>Livius</strong></span> <span class='ocrx_word' id='word_1_157' title='bbox 662 2445 698 2511; x_wconf 91' lang='lat' dir='ltr'><strong>in</strong></span> <span class='ocrx_word' id='word_1_158' title='bbox 722 2445 887 2514; x_wconf 85' lang='lat' dir='ltr'><strong>narrando</strong></span> <span class='ocrx_word' id='word_1_159' title='bbox 909 2445 998 2512; x_wconf 90' lang='lat' dir='ltr'><strong>bello</strong></span> <span class='ocrx_word' id='word_1_160' title='bbox 1014 2442 1271 2512; x_wconf 87' lang='lat' dir='ltr'><strong>Hannibalicoe</strong></span> <span class='ocrx_word' id='word_1_161' title='bbox 1388 2447 1389 2450; x_wconf 70' lang='grc'>’</span> 
     </span>
     <span class='ocr_line' id='line_1_22' title="bbox 175 2553 1272 2642; baseline -0.001 -22"><span class='ocrx_word' id='word_1_162' title='bbox 175 2553 315 2641; x_wconf 83' lang='lat' dir='ltr'><strong>Polybio</strong></span> <span class='ocrx_word' id='word_1_163' title='bbox 339 2553 564 2642; x_wconf 86' lang='lat' dir='ltr'><strong>desumpserit,</strong></span> <span class='ocrx_word' id='word_1_164' title='bbox 586 2555 801 2621; x_wconf 86' lang='lat' dir='ltr'><strong>vehementer</strong></span> <span class='ocrx_word' id='word_1_165' title='bbox 823 2553 960 2622; x_wconf 75' lang='lat' dir='ltr'><strong>dubitat.</strong></span> <span class='ocrx_word' id='word_1_166' title='bbox 978 2591 1019 2602; x_wconf 87' lang='lat'><strong>--</strong></span> <span class='ocrx_word' id='word_1_167' title='bbox 1039 2553 1142 2622; x_wconf 88' lang='lat' dir='ltr'><strong>Panlo</strong></span> <span class='ocrx_word' id='word_1_168' title='bbox 1164 2553 1272 2638; x_wconf 87' lang='lat' dir='ltr'><strong>aliter,</strong></span> 
     </span>
     <span class='ocr_line' id='line_1_23' title="bbox 174 2661 1268 2755; baseline -0.002 -25"><span class='ocrx_word' id='word_1_169' title='bbox 174 2665 222 2731; x_wconf 86' lang='lat' dir='ltr'><strong>ita</strong></span> <span class='ocrx_word' id='word_1_170' title='bbox 252 2676 288 2732; x_wconf 89' lang='lat' dir='ltr'><strong>ut</strong></span> <span class='ocrx_word' id='word_1_171' title='bbox 320 2666 473 2755; x_wconf 83' lang='lat' dir='ltr'><strong>proxime</strong></span> <span class='ocrx_word' id='word_1_172' title='bbox 506 2664 547 2730; x_wconf 96' lang='lat' dir='ltr'><strong>ad</strong></span> <span class='ocrx_word' id='word_1_173' title='bbox 575 2663 738 2731; x_wconf 89' lang='lat' dir='ltr'><strong>Niebuhri</strong></span> <span class='ocrx_word' id='word_1_174' title='bbox 767 2661 1041 2750; x_wconf 78' lang='lat' dir='ltr'><strong>Schwegleriqne</strong></span> <span class='ocrx_word' id='word_1_175' title='bbox 1071 2662 1268 2730; x_wconf 89' lang='lat' dir='ltr'><strong>sententiam</strong></span> 
     </span>
     <span class='ocr_line' id='line_1_24' title="bbox 175 2771 1272 2860; baseline -0.003 -20"><span class='ocrx_word' id='word_1_176' title='bbox 175 2775 359 2859; x_wconf 84' lang='lat' dir='ltr'><strong>accederet,</strong></span> <span class='ocrx_word' id='word_1_177' title='bbox 394 2774 550 2841; x_wconf 86' lang='lat' dir='ltr'><strong>iudicavit</strong></span> <span class='ocrx_word' id='word_1_178' title='bbox 571 2775 610 2842; x_wconf 88' lang='lat' dir='ltr'><strong>L.</strong></span> <span class='ocrx_word' id='word_1_179' title='bbox 634 2775 817 2840; x_wconf 85' lang='lat' dir='ltr'><strong>Tillmanns</strong></span> <span class='ocrx_word' id='word_1_180' title='bbox 830 2773 868 2858; x_wconf 80' lang='lat'><strong>⁷).</strong></span> <span class='ocrx_word' id='word_1_181' title='bbox 911 2773 944 2839; x_wconf 91' lang='lat' dir='ltr'><strong>Is</strong></span> <span class='ocrx_word' id='word_1_182' title='bbox 979 2796 1053 2840; x_wconf 87' lang='lat' dir='ltr'><strong>cum</strong></span> <span class='ocrx_word' id='word_1_183' title='bbox 1087 2772 1123 2837; x_wconf 91' lang='lat' dir='ltr'><strong>in</strong></span> <span class='ocrx_word' id='word_1_184' title='bbox 1154 2771 1272 2860; x_wconf 83' lang='lat' dir='ltr'><strong>primia</strong></span> 
     </span>
     <span class='ocr_line' id='line_1_25' title="bbox 174 2881 1272 2970; baseline -0.004 -21"><span class='ocrx_word' id='word_1_185' title='bbox 174 2885 294 2951; x_wconf 85' lang='lat' dir='ltr'><strong>tertiae</strong></span> <span class='ocrx_word' id='word_1_186' title='bbox 328 2885 462 2952; x_wconf 87' lang='lat' dir='ltr'><strong>decedis</strong></span> <span class='ocrx_word' id='word_1_187' title='bbox 492 2884 586 2950; x_wconf 85' lang='lat' dir='ltr'><strong>libris</strong></span> <span class='ocrx_word' id='word_1_188' title='bbox 616 2883 801 2970; x_wconf 78' lang='lat' dir='ltr'><strong>Polybiane</strong></span> <span class='ocrx_word' id='word_1_189' title='bbox 833 2893 933 2970; x_wconf 79' lang='lat' dir='ltr'><strong>neget</strong></span> <span class='ocrx_word' id='word_1_190' title='bbox 969 2892 1083 2950; x_wconf 88' lang='lat' dir='ltr'><strong>extare</strong></span> <span class='ocrx_word' id='word_1_191' title='bbox 1118 2881 1272 2966; x_wconf 80' lang='lat' dir='ltr'><strong>vestigia,</strong></span> 
     </span>
    </p>
   </div>
   <div class='ocr_carea' id='block_1_7' title="bbox 174 3117 1273 4155">
    <p class='ocr_par' dir='ltr' id='par_1_7' title="bbox 246 3117 1022 3192">
     <span class='ocr_line' id='line_1_26' title="bbox 246 3117 1022 3192; baseline 0.003 -18"><span class='ocrx_word' id='word_1_192' title='bbox 246 3119 273 3190; x_wconf 86' lang='lat'><strong>1)</strong></span> <span class='ocrx_word' id='word_1_193' title='bbox 291 3117 463 3190; x_wconf 76' lang='lat' dir='ltr'><strong>Madvigius:</strong></span> <span class='ocrx_word' id='word_1_194' title='bbox 484 3117 692 3174; x_wconf 81' lang='lat' dir='ltr'><strong>emendationes</strong></span> <span class='ocrx_word' id='word_1_195' title='bbox 710 3117 843 3177; x_wconf 83' lang='lat' dir='ltr'><strong>Livianae</strong></span> <span class='ocrx_word' id='word_1_196' title='bbox 859 3137 922 3191; x_wconf 75' lang='lat' dir='ltr'><strong>pag.</strong></span> <span class='ocrx_word' id='word_1_197' title='bbox 941 3119 1022 3192; x_wconf 57' lang='grc' dir='ltr'><strong>ΜΤ,</strong></span> 
     </span>
    </p>

    <p class='ocr_par' dir='ltr' id='par_1_8' title="bbox 247 3215 1218 3288">
     <span class='ocr_line' id='line_1_27' title="bbox 247 3215 1218 3288; baseline -0.003 -15"><span class='ocrx_word' id='word_1_198' title='bbox 247 3219 277 3284; x_wconf 78' lang='grc'><strong>2)</strong></span> <span class='ocrx_word' id='word_1_199' title='bbox 295 3215 434 3272; x_wconf 84' lang='lat' dir='ltr'><strong>Niebuhr:</strong></span> <span class='ocrx_word' id='word_1_200' title='bbox 453 3215 649 3288; x_wconf 78' lang='lat' dir='ltr'><strong>Vorlasungen</strong></span> <span class='ocrx_word' id='word_1_201' title='bbox 668 3216 740 3272; x_wconf 79' lang='lat' dir='ltr'><strong>iiber</strong></span> <span class='ocrx_word' id='word_1_202' title='bbox 756 3219 828 3270; x_wconf 70' lang='lat' dir='ltr'><strong>rim.</strong></span> <span class='ocrx_word' id='word_1_203' title='bbox 845 3216 1020 3273; x_wconf 77' lang='lat' dir='ltr'><strong>(ieschichte.</strong></span> <span class='ocrx_word' id='word_1_204' title='bbox 1037 3216 1070 3271; x_wconf 87' lang='lat' dir='ltr'><strong>B.</strong></span> <span class='ocrx_word' id='word_1_205' title='bbox 1089 3217 1110 3285; x_wconf 91' lang='lat'><strong>1,</strong></span> <span class='ocrx_word' id='word_1_206' title='bbox 1129 3235 1158 3286; x_wconf 91' lang='lat' dir='ltr'><strong>p.</strong></span> <span class='ocrx_word' id='word_1_207' title='bbox 1174 3219 1218 3272; x_wconf 76' lang='lat'><strong>49.</strong></span> 
     </span>
    </p>

    <p class='ocr_par' dir='ltr' id='par_1_9' title="bbox 247 3312 841 3384">
     <span class='ocr_line' id='line_1_28' title="bbox 247 3312 841 3384; baseline 0.005 -17"><span class='ocrx_word' id='word_1_208' title='bbox 247 3316 276 3378; x_wconf 80' lang='grc'><strong>3)</strong></span> <span class='ocrx_word' id='word_1_209' title='bbox 294 3312 468 3384; x_wconf 80' lang='lat' dir='ltr'><strong>Schwegler:</strong></span> <span class='ocrx_word' id='word_1_210' title='bbox 487 3318 556 3372; x_wconf 80' lang='lat' dir='ltr'><strong>rbm.</strong></span> <span class='ocrx_word' id='word_1_211' title='bbox 574 3313 675 3380; x_wconf 76' lang='lat' dir='ltr'><strong>dasch.</strong></span> <span class='ocrx_word' id='word_1_212' title='bbox 694 3314 716 3370; x_wconf 86' lang='lat' dir='ltr'><strong>L</strong></span> <span class='ocrx_word' id='word_1_213' title='bbox 734 3332 762 3384; x_wconf 87' lang='lat' dir='ltr'><strong>p.</strong></span> <span class='ocrx_word' id='word_1_214' title='bbox 783 3317 841 3372; x_wconf 87' lang='lat'><strong>110.</strong></span> 
     </span>
    </p>

    <p class='ocr_par' dir='ltr' id='par_1_10' title="bbox 174 3408 1273 3662">
     <span class='ocr_line' id='line_1_29' title="bbox 245 3408 1273 3481; baseline 0.002 -17"><span class='ocrx_word' id='word_1_215' title='bbox 245 3411 273 3481; x_wconf 83' lang='lat'><strong>4)</strong></span> <span class='ocrx_word' id='word_1_216' title='bbox 293 3409 323 3466; x_wconf 83' lang='lat' dir='ltr'><strong>O.</strong></span> <span class='ocrx_word' id='word_1_217' title='bbox 348 3408 392 3465; x_wconf 89' lang='lat' dir='ltr'><strong>W.</strong></span> <span class='ocrx_word' id='word_1_218' title='bbox 409 3409 536 3468; x_wconf 85' lang='lat' dir='ltr'><strong>Nitzsoh:</strong></span> <span class='ocrx_word' id='word_1_219' title='bbox 564 3411 668 3468; x_wconf 87' lang='lat' dir='ltr'><strong>Fabius</strong></span> <span class='ocrx_word' id='word_1_220' title='bbox 693 3411 791 3466; x_wconf 86' lang='lat' dir='ltr'><strong>Pictor</strong></span> <span class='ocrx_word' id='word_1_221' title='bbox 816 3410 886 3466; x_wconf 80' lang='lat' dir='ltr'><strong>iiber</strong></span> <span class='ocrx_word' id='word_1_222' title='bbox 912 3409 959 3466; x_wconf 87' lang='lat' dir='ltr'><strong>die</strong></span> <span class='ocrx_word' id='word_1_223' title='bbox 985 3414 1080 3466; x_wconf 86' lang='lat' dir='ltr'><strong>ersten</strong></span> <span class='ocrx_word' id='word_1_224' title='bbox 1106 3409 1193 3466; x_wconf 85' lang='lat' dir='ltr'><strong>Jahre</strong></span> <span class='ocrx_word' id='word_1_225' title='bbox 1222 3409 1273 3466; x_wconf 83' lang='lat' dir='ltr'><strong>des</strong></span> 
     </span>
     <span class='ocr_line' id='line_1_30' title="bbox 174 3501 1272 3577; baseline 0 -17"><span class='ocrx_word' id='word_1_226' title='bbox 174 3501 403 3561; x_wconf 87' lang='lat' dir='ltr'><strong>hannibalisohen</strong></span> <span class='ocrx_word' id='word_1_227' title='bbox 427 3505 537 3577; x_wconf 81' lang='lat' dir='ltr'><strong>Kricgs.</strong></span> <span class='ocrx_word' id='word_1_228' title='bbox 583 3507 760 3577; x_wconf 83' lang='lat' dir='ltr'><strong>Allgemeine</strong></span> <span class='ocrx_word' id='word_1_229' title='bbox 787 3501 999 3562; x_wconf 84' lang='lat' dir='ltr'><strong>Monatsschriit</strong></span> <span class='ocrx_word' id='word_1_230' title='bbox 1024 3503 1071 3560; x_wconf 75' lang='lat' dir='ltr'><strong>fsrr</strong></span> <span class='ocrx_word' id='word_1_231' title='bbox 1098 3505 1272 3564; x_wconf 89' lang='lat' dir='ltr'><strong>Wissonsch.</strong></span> 
     </span>
     <span class='ocr_line' id='line_1_31' title="bbox 174 3602 651 3662; baseline 0.002 -5"><span class='ocrx_word' id='word_1_232' title='bbox 174 3603 233 3660; x_wconf 90' lang='lat' dir='ltr'><strong>und</strong></span> <span class='ocrx_word' id='word_1_233' title='bbox 250 3602 413 3661; x_wconf 82' lang='lat' dir='ltr'><strong>Litteratur.</strong></span> <span class='ocrx_word' id='word_1_234' title='bbox 449 3603 555 3660; x_wconf 84' lang='lat' dir='ltr'><strong>Januar</strong></span> <span class='ocrx_word' id='word_1_235' title='bbox 573 3605 651 3662; x_wconf 82' lang='lat'><strong>1854.</strong></span> 
     </span>
    </p>

    <p class='ocr_par' dir='ltr' id='par_1_11' title="bbox 247 3699 798 3770">
     <span class='ocr_line' id='line_1_32' title="bbox 247 3699 798 3770; baseline 0 -14"><span class='ocrx_word' id='word_1_236' title='bbox 247 3701 274 3770; x_wconf 80' lang='grc'><strong>5)</strong></span> <span class='ocrx_word' id='word_1_237' title='bbox 293 3699 385 3769; x_wconf 84' lang='lat' dir='ltr'><strong>Sybel,</strong></span> <span class='ocrx_word' id='word_1_238' title='bbox 403 3699 503 3756; x_wconf 85' lang='lat' dir='ltr'><strong>histor.</strong></span> <span class='ocrx_word' id='word_1_239' title='bbox 524 3699 663 3760; x_wconf 89' lang='lat' dir='ltr'><strong>Zeitschr.</strong></span> <span class='ocrx_word' id='word_1_240' title='bbox 697 3699 730 3755; x_wconf 92' lang='lat' dir='ltr'><strong>B.</strong></span> <span class='ocrx_word' id='word_1_241' title='bbox 748 3699 798 3756; x_wconf 81' lang='lat' dir='ltr'><strong>XI.</strong></span> 
     </span>
    </p>

    <p class='ocr_par' dir='ltr' id='par_1_12' title="bbox 176 3791 1273 3967">
     <span class='ocr_line' id='line_1_33' title="bbox 246 3791 1273 3870; baseline -0.004 -16"><span class='ocrx_word' id='word_1_242' title='bbox 246 3795 426 3870; x_wconf 73' lang='lat' dir='ltr'><strong>6)]Miohael:</strong></span> <span class='ocrx_word' id='word_1_243' title='bbox 454 3795 488 3852; x_wconf 92' lang='lat' dir='ltr'><strong>In</strong></span> <span class='ocrx_word' id='word_1_244' title='bbox 512 3795 564 3852; x_wconf 81' lang='lat' dir='ltr'><strong>wie</strong></span> <span class='ocrx_word' id='word_1_245' title='bbox 588 3796 656 3852; x_wconf 78' lang='lat' dir='ltr'><strong>weit</strong></span> <span class='ocrx_word' id='word_1_246' title='bbox 682 3793 733 3850; x_wconf 89' lang='lat' dir='ltr'><strong>hat</strong></span> <span class='ocrx_word' id='word_1_247' title='bbox 750 3793 847 3853; x_wconf 83' lang='lat' dir='ltr'><strong>Livius</strong></span> <span class='ocrx_word' id='word_1_248' title='bbox 872 3793 927 3851; x_wconf 86' lang='lat' dir='ltr'><strong>den</strong></span> <span class='ocrx_word' id='word_1_249' title='bbox 942 3791 1076 3862; x_wconf 84' lang='lat' dir='ltr'><strong>Polybius</strong></span> <span class='ocrx_word' id='word_1_250' title='bbox 1100 3793 1142 3851; x_wconf 83' lang='lat' dir='ltr'><strong>ala</strong></span> <span class='ocrx_word' id='word_1_251' title='bbox 1161 3792 1273 3866; x_wconf 79' lang='lat' dir='ltr'><strong>Haupt·</strong></span> 
     </span>
     <span class='ocr_line' id='line_1_34' title="bbox 176 3888 1149 3967; baseline -0.004 -17"><span class='ocrx_word' id='word_1_252' title='bbox 176 3895 267 3967; x_wconf 87' lang='lat' dir='ltr'><strong>quelle</strong></span> <span class='ocrx_word' id='word_1_253' title='bbox 287 3893 425 3952; x_wconf 79' lang='lat' dir='ltr'><strong>benntzt?</strong></span> <span class='ocrx_word' id='word_1_254' title='bbox 444 3893 611 3964; x_wconf 82' lang='lat' dir='ltr'><strong>Programm</strong></span> <span class='ocrx_word' id='word_1_255' title='bbox 628 3891 677 3948; x_wconf 83' lang='lat' dir='ltr'><strong>des</strong></span> <span class='ocrx_word' id='word_1_256' title='bbox 695 3891 841 3964; x_wconf 78' lang='lat' dir='ltr'><strong>Torgauer</strong></span> <span class='ocrx_word' id='word_1_257' title='bbox 858 3888 1051 3960; x_wconf 79' lang='lat' dir='ltr'><strong>Gymnasiums</strong></span> <span class='ocrx_word' id='word_1_258' title='bbox 1069 3892 1149 3946; x_wconf 80' lang='grc'><strong>1869.</strong></span> 
     </span>
    </p>

    <p class='ocr_par' dir='ltr' id='par_1_13' title="bbox 175 3985 1271 4155">
     <span class='ocr_line' id='line_1_35' title="bbox 246 3985 1271 4060; baseline -0.007 -12"><span class='ocrx_word' id='word_1_259' title='bbox 246 3991 272 4060; x_wconf 84' lang='grc'><strong>7)</strong></span> <span class='ocrx_word' id='word_1_260' title='bbox 290 3990 462 4049; x_wconf 86' lang='lat' dir='ltr'><strong>Tillmanns:</strong></span> <span class='ocrx_word' id='word_1_261' title='bbox 490 4007 545 4060; x_wconf 89' lang='lat' dir='ltr'><strong>quo</strong></span> <span class='ocrx_word' id='word_1_262' title='bbox 572 3987 646 4046; x_wconf 91' lang='lat' dir='ltr'><strong>libro</strong></span> <span class='ocrx_word' id='word_1_263' title='bbox 672 3985 769 4044; x_wconf 80' lang='lat' dir='ltr'><strong>Livius</strong></span> <span class='ocrx_word' id='word_1_264' title='bbox 787 3985 888 4056; x_wconf 83' lang='lat' dir='ltr'><strong>Polybi</strong></span> <span class='ocrx_word' id='word_1_265' title='bbox 914 3985 1038 4046; x_wconf 84' lang='lat' dir='ltr'><strong>historiis</strong></span> <span class='ocrx_word' id='word_1_266' title='bbox 1065 3986 1110 4045; x_wconf 78' lang='lat' dir='ltr'><strong>uu</strong></span> <span class='ocrx_word' id='word_1_267' title='bbox 1134 3986 1271 4060; x_wconf 86' lang='lat' dir='ltr'><strong>eoeperit,</strong></span> 
     </span>
     <span class='ocr_line' id='line_1_36' title="bbox 175 4071 1075 4155; baseline -0.001 -17"><span class='ocrx_word' id='word_1_268' title='bbox 175 4086 255 4151; x_wconf 77' lang='lat' dir='ltr'><strong>Jahn,</strong></span> <span class='ocrx_word' id='word_1_269' title='bbox 277 4088 453 4143; x_wconf 71' lang='lat' dir='ltr'><strong>Janrnaoner</strong></span> <span class='ocrx_word' id='word_1_270' title='bbox 472 4071 593 4144; x_wconf 81' lang='lat' dir='ltr'><strong>rsor&#39;n.</strong></span> <span class='ocrx_word' id='word_1_271' title='bbox 612 4089 646 4142; x_wconf 85' lang='lat' dir='ltr'><strong>sa</strong></span> <span class='ocrx_word' id='word_1_272' title='bbox 665 4104 692 4155; x_wconf 81' lang='lat' dir='ltr'><strong>p.</strong></span> <span class='ocrx_word' id='word_1_273' title='bbox 711 4087 772 4138; x_wconf 79' lang='lat'><strong>844.</strong></span> <span class='ocrx_word' id='word_1_274' title='bbox 1073 4089 1075 4094; x_wconf 64' lang='grc'><em>’</em></span> 
     </span>
    </p>
   </div>
   <div class='ocr_carea' id='block_1_8' title="bbox 0 0 1422 4608">
    <p class='ocr_par' dir='ltr' id='par_1_14' title="bbox 0 0 1422 4608">
     <span class='ocr_line' id='line_1_37' title="bbox 0 0 1422 4608; baseline 0 0"><span class='ocrx_word' id='word_1_275' title='bbox 0 0 1422 4608; x_wconf 95' lang='lat' dir='ltr'><strong> </strong></span> 
     </span>
    </p>
   </div>
  </div>
 </body>
</html>
