2834 4608
700 249 742 315 46

176 459 249 524 que‚
272 440 376 522 qualis
397 460 469 506 esse
491 439 526 503 in
547 449 640 526 capta
657 439 739 503 urbe
771 439 871 522 solet,
904 438 963 504 sed
985 435 1063 524 quid
1092 434 1141 500 rei
1168 441 1267 512 esset,

174 569 270 614 nemo
292 549 370 614 satis
391 537 451 636 pro
475 557 565 614 certo
592 548 685 614 scire.
734 547 904 614 Tarentini
935 547 1097 614 Romanos
1125 543 1168 608 ad
1189 541 1268 608 diri·

173 659 327 744 piendam
349 659 465 724 urbem
492 658 626 725 credere
656 669 799 740 ooort0s3
830 658 982 725 Romanis
1011 654 1128 722 seditio
1157 652 1269 738 aliqua

174 789 249 833 cum
272 767 388 833 fraude
417 768 525 833 videri
549 769 589 832 ab
613 768 784 855 oppidanis
808 776 905 834 mota.
953 766 1047 832 Idem
1071 785 1144 830 cum
1166 761 1268 846 Poly·

173 877 246 943 bius
267 877 390 943 tradat:
411 872 498 962 πρός
519 868 576 955 οὓς
593 878 650 960 (sc.
673 872 710 942 οἳ
719 875 977 962 συνηθροίζοντο
996 869 1044 953 εἷς
1055 869 1115 960 τὴν
1129 864 1269 958 ἀγοράν)

164 977 310 1068 Ἀννίβας
333 979 594 1074 φιλανθρώπους
621 984 775 1070 διελέχθη
793 979 924 1069 λόγουςε
949 983 995 1049 ibi
1017 981 1123 1068 inquit
1143 979 1270 1046 Hanni·

173 1095 230 1160 bal
250 1095 396 1180 benigne
418 1095 578 1161 allocutus
601 1095 795 1160 Tarentinos
818 1101 1032 1178 testatusque,
1050 1089 1271 1179 praestitisset

56 1226 65 1254 ··
173 1204 299 1272 civibus
322 1226 444 1286 eorum,
468 1227 549 1292 quos
578 1204 619 1270 ad
649 1205 889 1285 Trasumenum
916 1201 1032 1268 autad
1056 1199 1185 1268 Cannas
1214 1221 1269 1264 ee·

172 1313 285 1402 pisset,
308 1314 404 1379 simul
433 1314 467 1378 in
497 1313 751 1380 dominationem
776 1315 948 1403 superbam
971 1311 1195 1379 Romanorum
1218 1307 1266 1372 in·

171 1433 287 1489 vectus
311 1433 344 1488 et
368 1445 450 1510 quae
476 1434 641 1492 secuntur.
684 1423 788 1490 Porro
813 1423 914 1488 verba
942 1420 1126 1508 Polybiane
1149 1419 1192 1502 (c.
1212 1418 1269 1500 34)

174 1529 279 1618 ἔκρινε
299 1531 491 1614 διατειχίσαι
510 1528 568 1620 τὴν
589 1528 688 1600 πόλιν
707 1529 775 1599 ἀπό
797 1535 858 1619 τῆς
878 1524 982 1617 όίκρας
1007 1530 1061 1596 ἵνα
1082 1528 1198 1616 μηδείς
1219 1523 1271 1594 ἔτι

172 1636 280 1730 φόβος
309 1636 512 1727 ἕπικόδηται
540 1646 612 1721 τοῖς
645 1641 854 1727 Ταραντίνοις
882 1633 952 1708 α’πδ
979 1643 1046 1705 τῶν
1066 1632 1269 1720 κατὲχόνιων

171 1746 231 1838 τὴν
252 1745 432 1836 ἀκρόπολιν
457 1745 632 1835 Ῥωμαίων,
651 1775 718 1839 quo
738 1753 914 1818 verborum
933 1749 1180 1818 conclusionem
1200 1769 1267 1812 ma-

171 1859 224 1946 gis
246 1859 444 1926 rhetoricam
478 1859 659 1926 lucraretur
690 1861 736 1926 ita
768 1859 988 1947 amplificavit,
1016 1869 1054 1924 ut
1088 1858 1267 1924 scriberet:

172 1989 214 2034 ne
234 1977 289 2036 aut
309 1991 346 2034 se
374 1969 481 2057 ipsum
509 1992 589 2036 cura
617 1969 731 2036 tuendi
755 1969 949 2036 Tarentinos
975 1992 993 2032 a
1013 1967 1191 2034 maioribus
1214 1989 1267 2033 re·

172 2079 233 2144 bus
250 2088 432 2146 moraretur
455 2088 510 2144 aut
531 2078 566 2141 in
587 2078 718 2144 relictos
740 2077 810 2144 sine
830 2077 939 2144 valido
960 2076 1126 2164 pracsidio
1143 2076 1266 2142 Taren·

172 2188 258 2254 tinos
280 2188 439 2277 impetum
460 2208 590 2254 exerce
611 2211 686 2254 cum
700 2188 825 2254 vellent
843 2187 982 2254 Romani
999 2189 1158 2271 facerent,
1179 2185 1267 2252 vallo

173 2275 301 2362 urbem
317 2298 357 2363 ab
384 2317 459 2364 arce
487 2296 701 2384 intersaepire
724 2297 843 2362 statuit.
892 2297 932 2362 ln
953 2296 1019 2361 fine
1043 2295 1186 2383 denique
1209 2295 1268 2362 de-

173 2405 358 2494 scriptionis
381 2425 464 2492 quae
485 2404 645 2492 Polybius
666 2406 811 2473 breviter
831 2404 1098 2494 comprehendit:
1119 2398 1268 2488 Ἀννίβας

172 2513 320 2580 ἐδίδασκε
340 2510 417 2594 τοὺς
436 2514 661 2599 Ταραντίνους,
677 2510 729 2594 ὀἷς
759 2510 813 2582 ἐὰν
826 2507 1080 2583 accubantem
1107 2518 1165 2602 τῆς
1183 2511 1265 2580 κατὰ

171 2615 340 2687 θάλατταν
353 2621 487 2700 ἐλπίδος
504 2617 536 2689 σί
558 2619 617 2708 τὴν
636 2613 741 2709 όίκραν
751 2625 934 2710 τηροῦντες,
947 2620 1039 2708 παρὰ
1052 2618 1157 2702 πόδας
1174 2614 1269 2690 edroi

170 2730 212 2796 δι’
235 2725 342 2795 αὐτῶν
366 2724 518 2816 εἴξαντες,
545 2730 700 2816 λείψοοσι
721 2728 847 2820 ταύτην,
873 2732 927 2798 καί
954 2727 1190 2817 παραδώσουσι
1210 2728 1268 2798 τόν

170 2835 275 2907 τόπον
304 2840 418 2906 Livius
451 2842 495 2914 ita
520 2841 694 2930 exprimit:
730 2843 897 2909 Hannibal
929 2865 1042 2910 omnes
1076 2852 1267 2932 praesentes

170 2948 380 3015 difficultates
413 2950 584 3039 exposuit5
612 2967 725 3038 neque
743 2953 825 3018 arcis
860 2961 925 3018 tam
950 2953 1094 3046 munitae
1128 2974 1267 3019 cernere

170 3061 256 3126 viam
282 3059 523 3146 expugnandae
545 3081 654 3146 neque
682 3061 717 3128 in
749 3062 918 3129 obsidione
949 3063 1122 3152 quicquam
1144 3062 1266 3128 habere

171 3168 252 3256 spei,
275 3168 380 3233 donec
400 3169 481 3233 mari
501 3168 612 3234 hostes
630 3172 815 3256 potiantur;
838 3171 925 3258 quod
946 3172 974 3236 si
995 3193 1094 3238 naves
1107 3173 1181 3258 sint,
1198 3172 1267 3259 qui·

170 3279 231 3343 bus
250 3287 449 3344 commeatus
472 3277 584 3343 invehi
603 3280 785 3366 probibeat,
801 3281 968 3368 extemplo
989 3290 1044 3348 aut
1059 3301 1135 3348 arce
1158 3304 1265 3348 cassu·

173 3409 237 3466 ros,
262 3396 318 3451 ant
340 3386 507 3452 dedituros
537 3409 572 3454 se
603 3388 715 3455 hostis.
757 3388 918 3457 Similiter
949 3389 989 3455 de
1013 3411 1072 3455 suo
1100 3389 1265 3456 addidisse

172 3496 336 3584 putandus
358 3507 407 3562 est
431 3496 562 3577 Livius,
597 3497 684 3584 quod
712 3497 747 3563 in
776 3497 891 3586 eapitis
912 3498 963 3565 XI
985 3500 1191 3588 paragrapho
1215 3499 1267 3566 IX

173 3605 332 3670 munitum
352 3614 403 3670 est
427 3605 534 3692 inquit
562 3604 644 3689 iter,
675 3628 739 3691 quo
762 3606 908 3672 faciliora
929 3608 1073 3697 plaustra
1095 3608 1265 3696 minorque

171 3716 278 3781 moles
296 3715 331 3780 in
353 3715 490 3780 transitu
524 3725 621 3782 esset.
669 3716 785 3802 Itaque
817 3717 968 3804 quoniam
994 3705 1142 3806 omnibus
1174 3718 1266 3802 locis,

173 3822 290 3909 quibus
332 3821 443 3888 Livius
477 3821 661 3909 Polybiane
693 3827 795 3890 verba·
828 3825 935 3892 minus
968 3835 1116 3892 accurate
1148 3825 1265 3892 Latine

172 3930 327 4014 reddidit,
366 3952 496 3996 oausam
528 3931 716 4020 perspicere
749 3933 842 4016 licet,
873 3957 930 4002 cur
961 3957 1027 4002 non
1060 3935 1101 4000 ad
1129 3938 1265 4003 verbum

173 4041 343 4130 exemplar
364 4063 458 4106 suum
483 4042 695 4127 expresserit,
718 4064 761 4108 ue
786 4044 857 4129 quis
879 4045 913 4110 in
935 4047 1146 4133 cohaereat,
1177 4048 1265 4136 quo'd

171 4147 337 4216 Romanus
359 4173 468 4217 rerum
491 4149 632 4238 scriptor
650 4152 761 4216 tubam
784 4153 963 4220 Romanam
985 4179 1003 4222 e
1024 4156 1153 4224 theatro
1176 4157 1263 4227 audi-
