2834 4608
655 227 704 295 ,27

126 413 174 480 ris
199 414 278 480 libri
298 414 404 504 capite
425 414 525 484 XXX
546 415 637 504 App.
681 414 855 482 Claudium
881 379 1061 482 Pulchrum
1083 411 1229 484 Siciliam

127 523 286 590 sortitum
307 547 379 590 esse
402 525 605 611 provinciam
625 526 816 607 narraverit,
849 524 939 594 cuius
962 523 1059 590 etiam
1086 523 1120 591 in
1143 523 1230 588 eius-

126 633 204 698 dem
236 633 312 699 libri
345 635 453 722 capite
480 634 635 702 XXXXI
667 634 868 704 mentionem
899 634 990 716 fecit,
1021 654 1229 718 nequaquam

125 743 262 812 videtur
284 744 421 828 mirum,
452 745 540 830 quod
570 743 667 808 etiam
688 753 800 810 nostro
831 745 905 809 loco
933 742 1126 810 nominatim
1155 754 1230 808 eum

126 852 288 919 attulerit.
316 852 443 939 Omnia
456 853 568 938 igitur,
593 875 676 938 quae
691 853 805 919 Livius
830 852 964 918 exhibet
984 851 1030 916 ita
1048 859 1123 916 sunt
1144 871 1228 918 com-

127 972 257 1050 parata,
279 971 314 1026 ut
337 986 497 1050 nusquam
522 961 710 1050 suspicandi
739 985 850 1028 ansam
871 961 1060 1043 habeamus,
1090 981 1166 1026 eum
1187 980 1230 1026 ex

127 1070 193 1136 alio
217 1071 362 1157 pendere
383 1080 518 1138 auctore
539 1081 636 1157 atque
659 1069 809 1154 Polybio.
854 1070 923 1134 Iam
949 1091 1028 1136 vero
1059 1068 1231 1153 inquiren·

128 1179 210 1246 dum
231 1180 370 1264 videtur,
391 1203 470 1246 num
485 1181 632 1247 inhacce
656 1181 764 1266 operis
774 1179 905 1246 Liviani
932 1178 1093 1268 particula
1114 1178 1230 1244 eedem

129 1288 225 1355 nobis
249 1302 420 1357 occurrant
441 1291 570 1376 indicia,
592 1291 709 1376 quibus
729 1291 764 1356 in
787 1299 904 1376 quarta
920 1298 952 1354 et
975 1289 1088 1374 quinta
1108 1287 1230 1357 decade

130 1399 320 1465 extantibus
344 1398 516 1466 Nissenius
547 1399 679 1486 probari
705 1399 856 1482 affirmat,
890 1397 1021 1464 Livium
1051 1395 1229 1483 aPolybio

131 1507 290 1582 hausisse.
333 1508 386 1575 Ac
410 1530 487 1574 sane
511 1508 641 1593 quidem
666 1509 782 1596 negari
812 1530 879 1576 non
907 1516 1015 1596 potest
1043 1527 1115 1574 eam
1142 1505 1229 1572 inter

126 1626 306 1702 utrumque
347 1617 544 1706 scriptorem
585 1617 791 1685 intercedere
821 1618 999 1706 rationem,
1033 1625 1069 1680 ut
1097 1614 1231 1703 copiosa

128 1725 255 1814 Polybi
287 1727 436 1796 narratio,
458 1729 570 1794 multis
598 1726 703 1793 modis
727 1727 875 1816 praecisa
896 1727 1047 1792 videatur
1068 1725 1155 1812 apud
1175 1722 1231 1792 Li·

127 1834 221 1899 vium
243 1845 339 1920 atque
363 1847 500 1902 resecta.
521 1865 523 1870 ·
544 1838 595 1902 Ita
625 1837 659 1902 in
692 1859 731 1902 eo
765 1836 970 1925 potissimum
1000 1835 1062 1903 sibi
1083 1833 1231 1916 indulsit,

126 1952 165 2010 ut
186 1945 372 2035 legatorum
394 1945 526 2014 nomina
549 1971 568 2014 a
592 1947 734 2032 Polybio
758 1969 853 2073 quem
876 1943 1117 2012 accuratissime
1138 1943 1232 2008 exbi-

128 2053 209 2138 bita,
232 2055 407 2120 omitteret.
450 2055 536 2122 Nam
558 2050 782 2122 Πολύκλειτον
805 2050 863 2121 τὸν
886 2057 1075 2142 Κυρηναῖον
1097 2051 1153 2118 καὶ
1175 2057 1231 2118 Φι-

127 2156 273 2248 λόδημον
308 2159 366 2230 τὸν
395 2155 543 2249 Ἀργεῖον
582 2164 623 2232 ad
665 2164 902 2246 Hannibalem,
935 2156 1143 2248 Ἀγάθαρχον
1178 2159 1233 2233 καὶ

126 2263 318 2359 Ονησιγένη
349 2271 404 2341 καὶ
422 2268 625 2362 Ἱπποσθένη
655 2265 727 2356 μετ’
748 2264 895 2356 Ἀννίβου
923 2270 1157 2356 Carthaginem
1190 2271 1230 2338 eb

127 2367 344 2468 Hieronymo
371 2383 487 2450 missos
519 2405 591 2450 esse
628 2406 711 2450 unus
734 2382 893 2470 Polybius
918 2391 969 2448 est
989 2379 1091 2448 testis.
1107 2379 1232 2460 Sicut

128 2511 211 2557 vero
235 2491 270 2559 in
290 2492 475 2558 nominibus
494 2491 680 2560 referendis
702 2489 937 2578 neglegentior
960 2499 1009 2556 ast
1030 2489 1156 2572 Livius,
1182 2489 1231 2555 ita

131 2598 233 2664 etiam
274 2600 377 2685 alia1)
420 2609 587 2688 tamquam
627 2599 735 2669 minus
775 2598 959 2666 necessarie
1004 2575 1235 2686 praetermisit}

135 2709 230 2774 velut
258 2731 340 2798 quae
372 2709 535 2794 Polybius
575 2719 685 2774 narrat
725 2711 849 2782 fratres·
881 2732 958 2783 suos
989 2709 1232 2798 Hieronymum

135 2948 310 2958 ————.

134 3079 287 3146 Schulaius
306 3083 340 3137 ut
358 3081 508 3138 scriberet:
529 3089 569 3138 εἴτ
586 3084 617 3140 ἐν
633 3089 709 3156 μίσει
728 3077 816 3138 ὄντων
833 3083 888 3138 τῶν
905 3081 1086 3154 πρεσβευτῶν,
1105 3078 1151 3134 εἴτ’
1173 3081 1233 3152 ἔρε-

132 3172 340 3244 ulciscereris
359 3180 565 3250 Καρχηδονίων.
603 3180 645 3236 Ao
666 3197 702 3234 ue
725 3179 837 3234 initium
862 3179 975 3248 quidem
997 3178 1148 3249 fragmenti
1165 3195 1233 3234 num

136 3275 173 3330 ad
202 3274 335 3328 amussim
360 3275 428 3345 ipsis
446 3275 545 3346 Polybi
567 3276 660 3332 verbis
678 3275 849 3346 respondeat
865 3275 934 3331 setis
952 3277 1072 3330 constet.
1118 3273 1233 3330 Etenim

135 3388 201 3426 cum
229 3375 406 3440 compertum
427 3372 577 3428 habeamus
603 3373 799 3442 compilatores
826 3372 891 3426 illos
909 3373 939 3426 in
956 3371 1038 3426 initio
1055 3371 1233 3440 potissimum

128 3466 305 3538 singulorum
314 3472 509 3538 excerptorum
523 3487 578 3539 quo
598 3487 694 3524 rerum
712 3487 853 3535 connexus
867 3472 962 3538 posset
973 3466 1107 3538 cognosci
1123 3471 1233 3526 textum

129 3563 316 3632 Polybisnum
341 3564 510 3628 immutasse,
540 3567 747 3622 utrum‘rerba
771 3582 843 3635 quae
867 3565 942 3635 apud
960 3564 1071 3620 Livium
1094 3563 1124 3618 in
1147 3563 1232 3618 initio

129 3664 197 3717 sunt
215 3676 274 3730 cap.
295 3659 341 3726 VI,
369 3661 566 3730 „quodunum
585 3663 727 3718 vinculum
744 3680 806 3720 cum
829 3662 961 3718 Romanis
979 3661 1127 3718 societatis
1138 3665 1230 3726 erat‚“

128 3773 184 3827 pro
206 3755 323 3810 Romani
347 3756 494 3825 scriptoris
519 3757 650 3814 habenda
677 3760 735 3814 siut
750 3759 954 3823 additamento,
981 3775 1018 3814 an
1035 3771 1127 3824 cause,
1154 3757 1231 3828 qued

128 3853 162 3908 in
183 3850 264 3908 libris
282 3851 442 3921 Polybtauis
465 3852 522 3911 iem
545 3873 602 3912 uon
628 3859 727 3912 extant
753 3856 969 3924 compilatorum
996 3854 1105 3915 incuria
1128 3853 1178 3919 sit,‚
1200 3854 1231 3913 in

129 3951 241 4006 incerto
261 3949 438 4018 relinquitur.

206 4045 231 4112 1)
249 4043 344 4098 Etiam
368 4045 398 4098 in
422 4062 455 4100 eo
480 4045 721 4117 neglegentiorem
740 4064 769 4102 se
786 4048 918 4116 praebuit
936 4046 1040 4112 Livius,
1070 4046 1147 4114 quod
1174 4063 1231 4116 quo

82 4153 94 4168 ·
132 4141 165 4196 in
183 4139 300 4216 crimine
317 4141 498 4212 Hippocratis
515 4146 544 4210 et
561 4142 694 4214 Epicydis
713 4141 814 4210 luipoet
831 4160 909 4209 avus,
928 4143 1025 4209 lappil.
