2834 4608
723 247 766 314 24

203 435 327 501 eisdem
348 438 446 503 rebus
476 437 621 504 Zonaras
630 438 653 517 ¹)
690 443 740 502 est
761 405 1049 522 comparandus,
1039 455 1073 496 rn
1102 431 1299 496 universum

202 569 276 612 cum
297 545 393 614 Livio
415 549 632 614 consentiens.

1382 157 1386 552 l

282 655 402 724 Indea
430 666 515 744 capr
516 681 542 722 rs
502 656 723 724 tXXXIV
745 652 950 743 paragrapho
972 651 1005 718 X
1038 674 1142 740 usque
1168 647 1210 716 ad
1245 673 1299 716 ca·

199 777 259 853 put
282 767 450 834 XXXVII
470 767 583 834 Livius
616 767 657 832 de
688 765 787 832 rebus
817 764 852 828 in
877 763 1030 832 Sardinia
1061 772 1094 828 et
1116 760 1301 848 Campania
1386 795 1387 800 κ

200 876 302 962 gestis
333 879 478 966 exponit.
533 878 585 943 De
622 877 738 962 quibus
768 897 842 950 cum
871 896 967 939 nemo
1001 873 1082 940 alius
1113 869 1295 937 memoriae

201 984 393 1074 prodiderit,
425 996 461 1052 ut
486 986 605 1053 certius
637 985 715 1074 quid
737 985 806 1051 erui
834 982 937 1072 possit
966 982 1007 1049 de
1040 981 1115 1048 Livi
1147 979 1299 1045 fontibus
1387 987 1388 1026 l

201 1118 264 1182 ego
286 1119 411 1164 vereor.
455 1098 495 1163 In
520 1089 634 1163 eadem
657 1105 732 1163 sunt
754 1093 950 1162 obscuritate
965 1101 1062 1180 atque
1077 1088 1298 1173 dubitatione,

170 1212 173 1217 ’
202 1227 283 1290 quae
306 1228 409 1293 usque
440 1205 481 1272 ad
513 1207 628 1296 capitis
646 1205 707 1271 XL
730 1203 857 1270 initium
890 1202 931 1267 de
964 1202 1063 1266 rebus
1094 1197 1297 1266 aRomanis

199 1314 241 1379 ad
265 1315 387 1382 bellum
409 1326 521 1382 contra
542 1315 732 1405 Philippum
760 1312 943 1402 gerendum
974 1308 1151 1392 instructis,
1185 1318 1220 1374 et
1255 1307 1299 1372 de
1389 1351 1390 1380 2

200 1423 290 1488 vario
310 1422 345 1488 in
367 1422 519 1491 Sardinia
540 1423 719 1509 Siciliaque
737 1422 885 1488 fortunae
910 1429 1028 1486 eventu
1049 1418 1156 1484 tradit.
1201 1418 1299 1500 Quae
1389 1457 1390 1460 =

201 1554 285 1598 unus
305 1533 449 1600 Zonaras
461 1537 487 1613 ²)
508 1555 527 1599 e
548 1533 657 1599 Dione
681 1532 794 1599 Cassio
818 1531 920 1620 petita
940 1530 1087 1597 brevitor
1109 1529 1229 1614 attigit.

285 1641 338 1706 De
369 1642 470 1707 altera
500 1642 649 1708 Marcelli
679 1640 816 1709 victoria
848 1640 936 1730 apud
964 1641 1085 1708 Nolam
1112 1649 1295 1727 reportata,
1390 1611 1391 1668 Ῠ

202 1748 292 1815 cuius
314 1749 426 1816 Livius
452 1774 556 1839 nsque
586 1752 627 1816 ad
656 1750 801 1816 medium
830 1760 926 1839 caput
948 1749 1135 1818 XXXXVI
1156 1749 1298 1816 mentio·

201 1881 276 1924 nem
297 1860 386 1943 fecit,
408 1859 557 1926 similiter
586 1884 657 1928 esse
677 1861 887 1928 iudicandum
917 1870 1016 1947 atque
1050 1861 1091 1925 de
1123 1859 1228 1946 priori
1261 1859 1298 1925 in

201 1970 373 2057 propatulo
403 1979 461 2036 est.
504 1970 636 2037 Etenim
666 1992 750 2056 quae
780 1993 894 2038 causae
924 1972 1072 2052 fuerunt,
1105 1977 1141 2034 ut
1161 1967 1296 2036 Livium

200 2077 236 2143 in
267 2077 482 2146 describenda
517 2079 575 2146 illa
609 2080 790 2167 aPolybio
825 2079 1033 2146 abhorruisse
1064 2087 1298 2162 statueremus,

202 2186 327 2254 eisdem
347 2190 569 2277 prohibemur,
593 2192 765 2278 quominus
788 2191 943 2258 hocloco
965 2188 1097 2255 Livium
1119 2188 1297 2254 credamus

205 2295 397 2382 Polybianis
418 2297 572 2366 institisse
593 2299 753 2385 vestigiis.

286 2404 327 2471 In
350 2405 415 2472 fine
426 2407 452 2492 ⁸)
484 2407 560 2473 libri
592 2407 745 2494 vigesimi
774 2408 850 2474 terti
880 2406 921 2472 de
942 2404 1125 2472 certamine
1146 2405 1297 2491 exponit,

205 2513 293 2600 quod
317 2513 455 2582 Claudio
468 2516 586 2583 Asello
609 2517 754 2584 Romano
778 2517 879 2582 fuerit
900 2539 971 2582 eum
992 2513 1132 2583 Cerrino
1155 2513 1296 2580 Vitellio

203 2623 382 2713 Campano.
425 2623 575 2692 Similem
593 2649 662 2692 rem
684 2627 770 2693 infra
783 2627 817 2693 in
837 2627 913 2694 libri
928 2627 1028 2694 XXV
1050 2627 1158 2714 capite
1172 2625 1298 2692 XVIII

201 2743 311 2799 narrat
332 2734 379 2798 ita
401 2743 510 2802 tamen
532 2745 569 2800 ut
590 2737 720 2802 mutatis
743 2737 929 2803 nominibus
952 2737 990 2802 T.
1002 2735 1192 2817 Quinctium
1205 2735 1296 2802 Cris-

201 2841 315 2928 pinum
337 2865 412 2908 cum
427 2841 530 2910 Badio
553 2865 666 2908 manus
687 2844 784 2910 faeiat
797 2855 1036 2912 cohaerentem.
1079 2844 1191 2931 Atque
1215 2845 1297 2929 quin

118 2980 120 2988 s
200 2973 315 3017 verum
347 2951 469 3018 viderit
497 2951 789 3020 Weissenbornius
821 2977 887 3022 non
921 2954 1051 3037 dubito,
1088 2954 1144 3040 qui
1164 2953 1298 3018 Livium

201 3059 339 3126 diversis
361 3061 543 3128 nominibus
560 3062 733 3151 deceptum
751 3061 890 3130 eandem
905 3085 974 3129 rem
991 3083 1009 3128 e
1024 3062 1125 3128 variis
1148 3061 1297 3128 fontibus

201 3171 336 3258 petitam
348 3171 397 3237 bis
411 3193 580 3238 enarrasse
591 3173 783 3262 suspicatur.
819 3173 967 3254 Accedit,
981 3172 1067 3257 quod
1080 3171 1254 3259 Appianas
1267 3173 1295 3255 ⁴)

203 3279 243 3346 de
262 3303 328 3345 uno
353 3279 469 3348 Claudi
490 3282 600 3347 Aselli
621 3283 798 3349 certamine
826 3282 1001 3348 memoriae
1023 3280 1179 3370 prodidit,
1203 3281 1295 3368 quod

203 3388 336 3477 quidem
369 3412 406 3455 eo
441 3390 572 3456 demum
606 3400 752 3481 temporo
787 3392 908 3458 factum
941 3413 1011 3456 esse
1040 3391 1190 3475 affirmat,
1227 3414 1292 3479 quo

201 3497 314 3564 Livius
336 3499 421 3564 inter
433 3501 471 3566 T.
486 3500 675 3581 Quinctium
699 3500 887 3590 Crispinum
912 3510 944 3566 et
958 3500 1097 3566 Badium
1113 3510 1296 3589 pugnatum

202 3629 273 3674 esse
293 3608 407 3675 refert.
450 3608 493 3675 Et
517 3610 708 3699 Appianum
742 3610 874 3696 quidem
907 3632 949 3676 ex
985 3610 1149 3676 annalium
1183 3611 1294 3698 aliquo

202 3779 397 3789 ——---·

300 3875 326 3944 1)
345 3873 468 3928 Zonaras
486 3877 512 3939 9,
532 3877 554 3930 4.

300 3965 327 4032 2)
346 3961 470 4016 Zonaras
488 3965 513 4028 9,
533 3965 559 4020 3.

300 4057 328 4129 3)
348 4075 371 4114 c.
390 4059 432 4126 46,
451 4060 548 4128 8-48,
565 4063 591 4115 3.

300 4157 328 4225 4)
347 4155 464 4226 Appian.
483 4155 572 4212 Hann.
591 4157 634 4212 37.
