2834 4608
722 271 744 338 4

191 455 297 522 adhuc
320 455 474 521 intactam
498 454 631 539 reliquit
653 455 886 540 quaestionem.
923 454 1124 539 Quamquam
1146 475 1213 520 nen
1238 455 1283 520 ite

189 565 304 630 labore
315 565 457 630 calculos
466 565 507 629 ad
519 585 589 628 eam
606 562 767 627 adiciendi
781 563 973 650 supersedit,
986 573 1095 630 utnon
1108 583 1190 648 quae
1202 562 1283 628 deli·

189 676 262 740 bata
291 673 470 758 ePolybio
504 671 709 756 viderentur,
742 671 825 736 notis
849 671 1025 757 insigniret
1035 672 1070 758 ¹).
1113 671 1182 740 Sed
1204 671 1284 736 licet

189 781 302 872 paucis
324 783 547 848 tantummodo
559 781 789 867 significaverit
805 804 885 867 quae
898 780 938 846 de
955 783 1050 847 tertia
1065 781 1187 848 decade
1210 797 1283 847 sen·

188 893 282 971 tiret,
320 901 408 957 certe
433 891 554 975 ineis,
588 913 671 976 quae
701 890 742 956 de
774 902 886 977 quarta
912 900 943 956 et
971 891 1082 978 quinta
1103 890 1283 978 indagavit,

188 999 346 1065 habemus
370 1021 434 1086 quo
459 1000 577 1088 pedem
599 1000 736 1083 infigere
762 1010 795 1064 et
824 999 912 1064 unde
935 999 1101 1087 proficisci
1120 1000 1282 1087 possimus

190 1109 231 1173 ad
253 1107 345 1173 litem
368 1108 408 1172 de
438 1108 533 1172 tertia
562 1107 787 1173 dirimendam.
831 1107 900 1172 Iam
935 1130 1014 1172 vero
1043 1129 1118 1172 cum
1145 1107 1281 1172 adeam

159 1249 164 1263 κ
190 1216 316 1282 decada
337 1225 437 1281 totam
472 1217 734 1305 perlustrandam
757 1216 852 1282 nimis
885 1225 1058 1300 angustum
1081 1217 1122 1280 sit
1144 1216 1283 1302 spatium

186 1313 414 1392 huiuscemodi
441 1307 762 1392 commentationibus
795 1325 864 1390 dari
887 1328 1028 1409 solitum,
1059 1335 1282 1412 campartem

191 1444 392 1523 pertractare
412 1435 447 1499 in
470 1435 575 1502 animo
596 1448 655 1520 est,
681 1458 761 1522 quae
791 1436 917 1501 initium
940 1437 1026 1524 capit
1046 1434 1122 1503 inde
1143 1460 1162 1499 a
1184 1435 1285 1500 rebus

190 1554 265 1631 post
280 1545 439 1632 proelium
455 1543 627 1611 Cannense
644 1545 756 1630 gestis.
799 1547 839 1612 In
854 1567 952 1630 quam
970 1555 1007 1609 ut
1019 1545 1160 1610 studium
1173 1567 1284 1610 meum

191 1653 378 1720 conferrem
404 1675 441 1718 ea
461 1652 609 1741 inprimis
631 1653 692 1717 fuit
717 1675 820 1737 eausa,
842 1653 929 1740 quod
946 1638 1030 1720 iusto
1055 1653 1151 1720 nimis
1175 1653 1284 1718 adbuc

85 1766 88 1778 '
191 1763 346 1846 neglecta
365 1761 471 1827 iacuit.
507 1758 703 1847 Quicunque
715 1762 800 1828 enim
812 1762 874 1827 viri
888 1761 975 1828 docti
990 1762 1030 1826 ad
1045 1763 1152 1828 fontes
1166 1763 1283 1830 tertiae

190 1871 324 1938 decadis
345 1870 556 1957 inquirendos
581 1882 798 1952 accesserunt,
820 1893 951 1937 omnem
974 1873 1043 1937 fere
1073 1872 1216 1937 laborem
1250 1881 1284 1936 et

160 1972 164 1977 ’
192 2003 324 2071 operam
340 1981 375 2045 in
391 1980 480 2046 libris
505 1979 588 2046 XXI
609 1990 641 2046 et
661 1981 764 2048 XXII
788 1989 1057 2070 consumpserunt
1077 1979 1283 2067 perpenden-

195 2091 256 2158 dis.
300 2090 352 2156 Ac
373 2112 448 2157 sane
471 2090 602 2176 quidem
625 2091 751 2155 facilius
782 2112 894 2154 eornm
925 2090 988 2156 fuit
1009 2089 1177 2176 negotium
1208 2089 1283 2176 quia

192 2223 263 2266 cum
285 2199 429 2266 Livianis
456 2198 522 2264 illis
544 2199 677 2264 tertium
697 2198 819 2284 Polybi
841 2199 961 2264 librum
982 2199 1149 2283 integrum
1166 2198 1284 2266 licebat

194 2330 395 2396 comparare.
439 2305 560 2372 Contra
587 2308 679 2372 nobis
703 2308 743 2373 de
764 2307 898 2396 reliquis
925 2308 993 2374 eius
1015 2308 1147 2374 decadis
1170 2309 1283 2374 suffra-

193 2417 285 2501 gium
316 2415 429 2482 laturis
458 2415 572 2482 similis
607 2440 680 2482 cum
708 2415 860 2482 Nissenio
896 2426 944 2484 est
977 2418 1136 2483 condicio.
1189 2416 1284 2484 Sicut

195 2525 281 2606 enim
313 2525 363 2591 illi
400 2547 418 2590 e
457 2524 636 2611 Polybiani'
665 2525 772 2615 operis
803 2526 974 2612 naufragio
1008 2547 1128 2613 paucae
1157 2535 1283 2592 tantum

192 2644 289 2721 atque
312 2635 452 2720 exiguae
474 2637 692 2723 suppetebant
711 2637 890 2720 reliquiae‚'
905 2659 983 2724 quas
1004 2659 1077 2704 cum
1094 2634 1167 2702 Livi
1190 2635 1282 2702 libris

195 2743 337 2830 integris
354 2744 502 2808 conferre
526 2753 647 2831 posset,
669 2743 713 2808 ita
731 2743 824 2808 nobis
845 2743 886 2808 de
908 2745 1005 2809 rebus
1025 2753 1099 2832 post
1119 2743 1281 2829 proelium

119 2901 120 2906 η
198 2850 371 2918 Cannense
392 2853 493 2939 gestis
515 2851 689 2939 Polybium
713 2852 909 2918 consulturis
943 2853 1069 2918 nullum
1105 2851 1200 2920 datur
1231 2875 1282 2920 re·

193 2982 346 3049 sponsum
379 2961 439 3026 nisi
471 2961 663 3048 fragmentis
694 2962 873 3028 macilentis
910 2985 985 3028 sane
1007 2971 1104 3048 atque
1124 2962 1282 3051 abruptis.
1354 3007 1357 3011 >
1399 2969 1400 3006 ³

192 3069 278 3136 Nam
300 3070 458 3136 librorum
482 3071 550 3137 eius
574 3072 715 3160 quinque
740 3072 870 3137 omnino
894 3082 968 3137 sunt
988 3072 1096 3162 primi,
1124 3073 1180 3157 qui
1201 3071 1284 3138 inte·

192 3179 245 3264 gri
282 3179 325 3244 ad
359 3190 502 3246 nostram
538 3181 753 3267 pervenerint
780 3189 928 3246 aetatem
950 3238 952 3242 .
978 3183 1029 3248 Ac
1051 3181 1197 3266 quamvis
1218 3180 1285 3262 iam

193 3288 229 3354 in
260 3290 357 3354 tertio
380 3290 420 3355 dc
441 3291 569 3378 proelio
601 3291 796 3356 edoceamur
825 3290 1003 3374 Cannensi,
1034 3300 1144 3356 tamen
1175 3311 1219 3357 ne
1244 3291 1286 3368 in

193 3397 321 3464 duobus
352 3401 483 3485 quidem
513 3399 759 3488 insequentibus
791 3421 901 3484 rerum
941 3409 1107 3487 gestarum
1141 3403 1284 3468 narratio
1399 3461 1400 3464 ,

192 3505 280 3572 ultra
315 3531 450 3577 annum,
474 3510 543 3577 eius
572 3530 703 3596 pugnae
734 3509 954 3598 progreditur.
997 3509 1110 3594 Itaque
1133 3509 1284 3597 quoniam

195 3614 343 3700 Liviana,
367 3640 448 3706 quae
472 3619 593 3706 scripta
607 3628 719 3687 exunt
741 3617 818 3686 inde
842 3619 882 3684 ab
902 3627 1049 3685 extremo
1072 3618 1156 3702 libre
1178 3619 1285 3688 XXII
1399 3633 1400 3708 g

176 3747 180 3756 Ι
264 3782 292 3853 1)
310 3799 326 3837 e
342 3783 458 3854 Polybio
477 3785 637 3857 desumptas
651 3803 711 3840 esse
728 3788 812 3856 putat
827 3785 980 3855 particulas
991 3785 1090 3841 haece:
1107 3785 1198 3841 XXIV
1214 3788 1284 3843 4-7
1399 3755 1400 3758 Ἴ

192 3880 298 3935 21-39
317 3881 353 3938 40
370 3881 447 3958 XXV
464 3884 550 3937 7-11
571 3881 1026 3940 23-31xxv124-26xxv11
1045 3885 1149 3960 29—33
1168 3883 1285 3938 XXVIII
1399 3909 1400 3942 i

192 3976 262 4030 6--8
280 3974 370 4031 XXIX
388 3977 422 4035 12
440 3995 557 4048 quarum
575 3979 698 4034 omnium
714 3979 782 4034 haec
793 3979 953 4036 >communis
970 3979 1007 4035 sit
1028 3980 1164 4058 condicio,
1182 3984 1221 4056 ,at
1238 3997 1283 4036 res
1399 3957 1400 3994 ³

192 4072 238 4126 vel
264 4071 295 4127 in
313 4072 432 4130 Graecia
457 4081 551 4148 gestas
578 4076 624 4131 vel
647 4076 684 4130 ad
709 4075 828 4132 Graecos
853 4075 977 4134 homines
1004 4077 1180 4146 pertinentes
1209 4094 1283 4133 corn·
1399 4093 1400 4096 ’

192 4169 360 4236 plectantur.
