<?xml version="1.0" encoding="UTF-8"?>
<!DOCTYPE html PUBLIC "-//W3C//DTD XHTML 1.0 Transitional//EN"
    "http://www.w3.org/TR/xhtml1/DTD/xhtml1-transitional.dtd">
<html xmlns="http://www.w3.org/1999/xhtml" xml:lang="en" lang="en">
 <head>
  <title>
</title>
<meta http-equiv="Content-Type" content="text/html;charset=utf-8" />
  <meta name='ocr-system' content='tesseract 3.04.00' />
  <meta name='ocr-capabilities' content='ocr_page ocr_carea ocr_par ocr_line ocrx_word'/>
</head>
<body>
  <div class='ocr_page' id='page_1' title='image "./liviusetpolybiu01friegoog_0086.png"; bbox 0 0 2834 4608; ppageno 0'>
   <div class='ocr_carea' id='block_1_1' title="bbox 727 175 747 239">
    <p class='ocr_par' dir='ltr' id='par_1_1' title="bbox 727 175 747 239">
     <span class='ocr_line' id='line_1_1' title="bbox 727 175 747 239; baseline 0 0"><span class='ocrx_word' id='word_1_1' title='bbox 727 175 747 239; x_wconf 88' lang='lat'>8</span> 
     </span>
    </p>
   </div>
   <div class='ocr_carea' id='block_1_2' title="bbox 184 327 1288 446">
    <p class='ocr_par' dir='ltr' id='par_1_2' title="bbox 184 313 1397 446">
     <span class='ocr_line' id='line_1_2' title="bbox 184 327 1288 446; baseline -0.01 -23"><span class='ocrx_word' id='word_1_2' title='bbox 184 366 253 423; x_wconf 91' lang='lat' dir='ltr'><strong>erat</strong></span> <span class='ocrx_word' id='word_1_3' title='bbox 282 327 455 446; x_wconf 80' lang='lat' dir='ltr'><strong>peditibus,</strong></span> <span class='ocrx_word' id='word_1_4' title='bbox 491 365 616 422; x_wconf 86' lang='lat' dir='ltr'><strong>tantum</strong></span> <span class='ocrx_word' id='word_1_5' title='bbox 644 356 731 445; x_wconf 90' lang='lat' dir='ltr'><strong>apud</strong></span> <span class='ocrx_word' id='word_1_6' title='bbox 753 355 927 443; x_wconf 77' lang='lat' dir='ltr'>Polybium</span> <span class='ocrx_word' id='word_1_7' title='bbox 958 382 977 422; x_wconf 91' lang='lat' dir='ltr'><strong>a</strong></span> <span class='ocrx_word' id='word_1_8' title='bbox 1006 356 1143 442; x_wconf 82' lang='lat' dir='ltr'><strong>singulis</strong></span> <span class='ocrx_word' id='word_1_9' title='bbox 1174 355 1288 443; x_wconf 83' lang='lat' dir='ltr'><strong>capti-</strong></span> 
     </span>
    </p>
   </div>
   <div class='ocr_carea' id='block_1_3' title="bbox 183 465 1310 554">
    <p class='ocr_par' dir='ltr' id='par_1_3' title="bbox 183 465 1310 554">
     <span class='ocr_line' id='line_1_3' title="bbox 183 465 1310 554; baseline 0 -23"><span class='ocrx_word' id='word_1_10' title='bbox 183 467 232 532; x_wconf 85' lang='lat' dir='ltr'><strong>vis</strong></span> <span class='ocrx_word' id='word_1_11' title='bbox 245 467 280 551; x_wconf 83' lang='lat'><strong>¹).</strong></span> <span class='ocrx_word' id='word_1_12' title='bbox 323 467 426 534; x_wconf 91' lang='lat' dir='ltr'><strong>Porro</strong></span> <span class='ocrx_word' id='word_1_13' title='bbox 457 466 708 551; x_wconf 79' lang='lat' dir='ltr'><strong>Carthalonem,</strong></span> <span class='ocrx_word' id='word_1_14' title='bbox 740 466 798 552; x_wconf 89' lang='lat' dir='ltr'><strong>qui</strong></span> <span class='ocrx_word' id='word_1_15' title='bbox 827 466 869 532; x_wconf 87' lang='lat' dir='ltr'><strong>ad</strong></span> <span class='ocrx_word' id='word_1_16' title='bbox 897 467 986 554; x_wconf 80' lang='lat' dir='ltr'><strong>pacis</strong></span> <span class='ocrx_word' id='word_1_17' title='bbox 1019 465 1239 532; x_wconf 78' lang='lat' dir='ltr'><strong>condiciones</strong></span> <span class='ocrx_word' id='word_1_18' title='bbox 1257 467 1310 546; x_wconf 81' lang='lat'><strong>²)-</strong></span> 
     </span>
    </p>
   </div>
   <div class='ocr_carea' id='block_1_4' title="bbox 138 579 1368 669">
    <p class='ocr_par' dir='ltr' id='par_1_4' title="bbox 138 579 1368 669">
     <span class='ocr_line' id='line_1_4' title="bbox 138 579 1368 669; baseline -0.004 -21"><span class='ocrx_word' id='word_1_19' title='bbox 138 589 145 606; x_wconf 81' lang='grc'><em>“</em></span> <span class='ocrx_word' id='word_1_20' title='bbox 183 581 337 648; x_wconf 88' lang='lat' dir='ltr'><strong>ferendas</strong></span> <span class='ocrx_word' id='word_1_21' title='bbox 368 579 482 650; x_wconf 86' lang='lat' dir='ltr'><strong>decem</strong></span> <span class='ocrx_word' id='word_1_22' title='bbox 504 580 708 669; x_wconf 83' lang='lat' dir='ltr'><strong>captivorum</strong></span> <span class='ocrx_word' id='word_1_23' title='bbox 731 581 857 666; x_wconf 85' lang='lat' dir='ltr'><strong>legatos</strong></span> <span class='ocrx_word' id='word_1_24' title='bbox 889 581 981 666; x_wconf 87' lang='lat' dir='ltr'><strong>sequi</strong></span> <span class='ocrx_word' id='word_1_25' title='bbox 1002 581 1103 646; x_wconf 88' lang='lat' dir='ltr'><strong>vellet</strong></span> <span class='ocrx_word' id='word_1_26' title='bbox 1122 605 1147 656; x_wconf 82' lang='lat' dir='ltr'><strong>a,</strong></span> <span class='ocrx_word' id='word_1_27' title='bbox 1158 579 1288 649; x_wconf 88' lang='lat' dir='ltr'><strong>lictore</strong></span> <span class='ocrx_word' id='word_1_28' title='bbox 1362 623 1368 632; x_wconf 82' lang='grc'><strong>-</strong></span> 
     </span>
    </p>
   </div>
   <div class='ocr_carea' id='block_1_5' title="bbox 137 689 1295 2195">
    <p class='ocr_par' dir='ltr' id='par_1_5' title="bbox 137 689 1295 2195">
     <span class='ocr_line' id='line_1_5' title="bbox 181 689 1291 758; baseline -0.004 -2"><span class='ocrx_word' id='word_1_29' title='bbox 181 690 299 758; x_wconf 87' lang='lat' dir='ltr'><strong>finibus</strong></span> <span class='ocrx_word' id='word_1_30' title='bbox 325 689 496 756; x_wconf 90' lang='lat' dir='ltr'><strong>Romanis.</strong></span> <span class='ocrx_word' id='word_1_31' title='bbox 515 701 590 756; x_wconf 89' lang='lat' dir='ltr'><strong>ante</strong></span> <span class='ocrx_word' id='word_1_32' title='bbox 625 700 756 756; x_wconf 86' lang='lat' dir='ltr'><strong>noctem</strong></span> <span class='ocrx_word' id='word_1_33' title='bbox 790 690 950 756; x_wconf 79' lang='lat' dir='ltr'>excedere</span> <span class='ocrx_word' id='word_1_34' title='bbox 983 690 1105 754; x_wconf 85' lang='lat' dir='ltr'><strong>iussum</strong></span> <span class='ocrx_word' id='word_1_35' title='bbox 1137 695 1210 755; x_wconf 78' lang='lat' dir='ltr'><strong>esse</strong></span> <span class='ocrx_word' id='word_1_36' title='bbox 1240 710 1291 753; x_wconf 81' lang='lat' dir='ltr'><strong>ex</strong></span> 
     </span>
     <span class='ocr_line' id='line_1_6' title="bbox 183 798 1291 888; baseline -0.004 -22"><span class='ocrx_word' id='word_1_37' title='bbox 183 821 249 868; x_wconf 84' lang='lat' dir='ltr'><strong>uno</strong></span> <span class='ocrx_word' id='word_1_38' title='bbox 273 798 368 866; x_wconf 86' lang='lat' dir='ltr'><strong>Livio</strong></span> <span class='ocrx_word' id='word_1_39' title='bbox 400 799 556 867; x_wconf 87' lang='lat' dir='ltr'><strong>habemus</strong></span> <span class='ocrx_word' id='word_1_40' title='bbox 596 809 808 888; x_wconf 87' lang='lat' dir='ltr'><strong>compertum.</strong></span> <span class='ocrx_word' id='word_1_41' title='bbox 852 799 946 866; x_wconf 86' lang='lat' dir='ltr'><strong>Idem</strong></span> <span class='ocrx_word' id='word_1_42' title='bbox 968 799 1151 884; x_wconf 81' lang='lat' dir='ltr'><strong>legatorum</strong></span> <span class='ocrx_word' id='word_1_43' title='bbox 1188 799 1291 886; x_wconf 84' lang='lat' dir='ltr'><strong>prin-</strong></span> 
     </span>
     <span class='ocr_line' id='line_1_7' title="bbox 184 905 1290 993; baseline -0.002 -21"><span class='ocrx_word' id='word_1_44' title='bbox 184 906 292 993; x_wconf 90' lang='lat' dir='ltr'><strong>cipem</strong></span> <span class='ocrx_word' id='word_1_45' title='bbox 319 907 363 974; x_wconf 88' lang='lat' dir='ltr'><strong>M.</strong></span> <span class='ocrx_word' id='word_1_46' title='bbox 386 907 516 984; x_wconf 87' lang='lat' dir='ltr'><strong>Iunium</strong></span> <span class='ocrx_word' id='word_1_47' title='bbox 537 907 645 976; x_wconf 85' lang='lat' dir='ltr'><strong>fuisse</strong></span> <span class='ocrx_word' id='word_1_48' title='bbox 673 917 821 992; x_wconf 83' lang='lat' dir='ltr'><strong>testatur,</strong></span> <span class='ocrx_word' id='word_1_49' title='bbox 858 931 931 974; x_wconf 91' lang='lat' dir='ltr'><strong>cum</strong></span> <span class='ocrx_word' id='word_1_50' title='bbox 955 909 1037 974; x_wconf 90' lang='lat' dir='ltr'><strong>nibil</strong></span> <span class='ocrx_word' id='word_1_51' title='bbox 1070 908 1202 974; x_wconf 90' lang='lat' dir='ltr'><strong>omnino</strong></span> <span class='ocrx_word' id='word_1_52' title='bbox 1242 905 1290 970; x_wconf 85' lang='lat' dir='ltr'><strong>dc</strong></span> 
     </span>
     <span class='ocr_line' id='line_1_8' title="bbox 186 1009 1292 1104; baseline -0.002 -22"><span class='ocrx_word' id='word_1_53' title='bbox 186 1038 299 1082; x_wconf 89' lang='lat' dir='ltr'><strong>eorum</strong></span> <span class='ocrx_word' id='word_1_54' title='bbox 325 1009 510 1083; x_wconf 84' lang='lat' dir='ltr'><strong>nominibus</strong></span> <span class='ocrx_word' id='word_1_55' title='bbox 535 1016 694 1104; x_wconf 81' lang='lat' dir='ltr'><strong>Polybius</strong></span> <span class='ocrx_word' id='word_1_56' title='bbox 718 1016 824 1084; x_wconf 88' lang='lat' dir='ltr'><strong>addat.</strong></span> <span class='ocrx_word' id='word_1_57' title='bbox 867 1019 908 1084; x_wconf 91' lang='lat' dir='ltr'><strong>In</strong></span> <span class='ocrx_word' id='word_1_58' title='bbox 937 1017 1148 1103; x_wconf 89' lang='lat' dir='ltr'><strong>sequentibus</strong></span> <span class='ocrx_word' id='word_1_59' title='bbox 1168 1015 1292 1081; x_wconf 88' lang='lat' dir='ltr'><strong>admo·</strong></span> 
     </span>
     <span class='ocr_line' id='line_1_9' title="bbox 190 1121 1295 1211; baseline -0.003 -20"><span class='ocrx_word' id='word_1_60' title='bbox 190 1124 270 1191; x_wconf 89' lang='lat' dir='ltr'><strong>dum</strong></span> <span class='ocrx_word' id='word_1_61' title='bbox 295 1126 416 1190; x_wconf 90' lang='lat' dir='ltr'><strong>multus</strong></span> <span class='ocrx_word' id='word_1_62' title='bbox 450 1133 499 1190; x_wconf 90' lang='lat' dir='ltr'><strong>est</strong></span> <span class='ocrx_word' id='word_1_63' title='bbox 519 1123 630 1192; x_wconf 88' lang='lat' dir='ltr'><strong>Livius</strong></span> <span class='ocrx_word' id='word_1_64' title='bbox 652 1125 686 1192; x_wconf 93' lang='lat' dir='ltr'><strong>in</strong></span> <span class='ocrx_word' id='word_1_65' title='bbox 707 1127 854 1192; x_wconf 90' lang='lat' dir='ltr'><strong>oratione</strong></span> <span class='ocrx_word' id='word_1_66' title='bbox 872 1127 1068 1209; x_wconf 82' lang='lat' dir='ltr'><strong>enarranda,</strong></span> <span class='ocrx_word' id='word_1_67' title='bbox 1096 1147 1161 1211; x_wconf 89' lang='lat' dir='ltr'><strong>qua</strong></span> <span class='ocrx_word' id='word_1_68' title='bbox 1181 1121 1295 1210; x_wconf 84' lang='lat' dir='ltr'><strong>capti·</strong></span> 
     </span>
     <span class='ocr_line' id='line_1_10' title="bbox 184 1234 1293 1320; baseline -0.004 -20"><span class='ocrx_word' id='word_1_69' title='bbox 184 1255 300 1320; x_wconf 79' lang='lat' dir='ltr'><strong>rorum</strong></span> <span class='ocrx_word' id='word_1_70' title='bbox 338 1256 467 1308; x_wconf 73' lang='lat' dir='ltr'><strong>carneam</strong></span> <span class='ocrx_word' id='word_1_71' title='bbox 496 1235 540 1302; x_wconf 82' lang='lat' dir='ltr'><strong>M.</strong></span> <span class='ocrx_word' id='word_1_72' title='bbox 563 1235 678 1302; x_wconf 88' lang='lat' dir='ltr'><strong>Iunius</strong></span> <span class='ocrx_word' id='word_1_73' title='bbox 718 1235 896 1302; x_wconf 84' lang='lat' dir='ltr'><strong>defendere</strong></span> <span class='ocrx_word' id='word_1_74' title='bbox 930 1235 1100 1302; x_wconf 88' lang='lat' dir='ltr'><strong>studuerit.</strong></span> <span class='ocrx_word' id='word_1_75' title='bbox 1155 1234 1293 1302; x_wconf 79' lang='lat' dir='ltr'><strong>Contra</strong></span> 
     </span>
     <span class='ocr_line' id='line_1_11' title="bbox 137 1305 1290 1430; baseline -0.003 -21"><span class='ocrx_word' id='word_1_76' title='bbox 137 1366 139 1369; x_wconf 87' lang='grc'><em>·</em></span> <span class='ocrx_word' id='word_1_77' title='bbox 187 1305 346 1430; x_wconf 67' lang='lat' dir='ltr'><strong>Polybius</strong></span> <span class='ocrx_word' id='word_1_78' title='bbox 367 1342 511 1410; x_wconf 88' lang='lat' dir='ltr'><strong>breviter</strong></span> <span class='ocrx_word' id='word_1_79' title='bbox 538 1366 601 1429; x_wconf 85' lang='lat' dir='ltr'><strong>qua</strong></span> <span class='ocrx_word' id='word_1_80' title='bbox 622 1335 748 1411; x_wconf 84' lang='lat' dir='ltr'><strong>ratione</strong></span> <span class='ocrx_word' id='word_1_81' title='bbox 769 1345 879 1428; x_wconf 70' lang='lat' dir='ltr'><strong>legati.</strong></span> <span class='ocrx_word' id='word_1_82' title='bbox 893 1347 927 1410; x_wconf 91' lang='lat' dir='ltr'><strong>in</strong></span> <span class='ocrx_word' id='word_1_83' title='bbox 947 1344 1113 1412; x_wconf 82' lang='lat' dir='ltr'><strong>suadenda</strong></span> <span class='ocrx_word' id='word_1_84' title='bbox 1137 1323 1290 1430; x_wconf 75' lang='lat' dir='ltr'><strong>daptivo-</strong></span> 
     </span>
     <span class='ocr_line' id='line_1_12' title="bbox 187 1450 1291 1542; baseline -0.001 -26"><span class='ocrx_word' id='word_1_85' title='bbox 187 1473 260 1516; x_wconf 90' lang='lat' dir='ltr'><strong>rum</strong></span> <span class='ocrx_word' id='word_1_86' title='bbox 274 1517 275 1520; x_wconf 68' lang='grc'>,</span> <span class='ocrx_word' id='word_1_87' title='bbox 291 1450 519 1542; x_wconf 75' lang='lat' dir='ltr'><strong>redemptione</strong></span> <span class='ocrx_word' id='word_1_88' title='bbox 540 1451 592 1516; x_wconf 89' lang='lat' dir='ltr'><strong>usi</strong></span> <span class='ocrx_word' id='word_1_89' title='bbox 622 1451 686 1516; x_wconf 91' lang='lat' dir='ltr'><strong>sint</strong></span> <span class='ocrx_word' id='word_1_90' title='bbox 707 1453 880 1536; x_wconf 84' lang='lat' dir='ltr'><strong>significat.</strong></span> <span class='ocrx_word' id='word_1_91' title='bbox 923 1451 992 1520; x_wconf 80' lang='lat' dir='ltr'><strong>Sed</strong></span> <span class='ocrx_word' id='word_1_92' title='bbox 1027 1461 1154 1518; x_wconf 86' lang='lat' dir='ltr'><strong>tanturn</strong></span> <span class='ocrx_word' id='word_1_93' title='bbox 1174 1453 1291 1536; x_wconf 78' lang='lat' dir='ltr'><strong>abest,</strong></span> 
     </span>
     <span class='ocr_line' id='line_1_13' title="bbox 186 1559 1290 1655; baseline 0.002 -31"><span class='ocrx_word' id='word_1_94' title='bbox 186 1567 224 1624; x_wconf 87' lang='lat' dir='ltr'><strong>nt</strong></span> <span class='ocrx_word' id='word_1_95' title='bbox 254 1580 335 1645; x_wconf 88' lang='lat' dir='ltr'><strong>quae</strong></span> <span class='ocrx_word' id='word_1_96' title='bbox 361 1559 507 1628; x_wconf 83' lang='lat' dir='ltr'><strong>Graecus</strong></span> <span class='ocrx_word' id='word_1_97' title='bbox 535 1579 646 1624; x_wconf 90' lang='lat' dir='ltr'><strong>rerum</strong></span> <span class='ocrx_word' id='word_1_98' title='bbox 675 1559 816 1647; x_wconf 89' lang='lat' dir='ltr'><strong>scriptor</strong></span> <span class='ocrx_word' id='word_1_99' title='bbox 846 1559 958 1647; x_wconf 88' lang='lat' dir='ltr'><strong>paucis</strong></span> <span class='ocrx_word' id='word_1_100' title='bbox 981 1559 1191 1655; x_wconf 75' lang='lat' dir='ltr'><strong>perstrinxit,</strong></span> <span class='ocrx_word' id='word_1_101' title='bbox 1230 1582 1290 1626; x_wconf 80' lang='lat' dir='ltr'><strong>ae</strong></span> 
     </span>
     <span class='ocr_line' id='line_1_14' title="bbox 188 1667 1289 1756; baseline 0.002 -24"><span class='ocrx_word' id='word_1_102' title='bbox 188 1667 331 1733; x_wconf 85' lang='lat' dir='ltr'><strong>curatius</strong></span> <span class='ocrx_word' id='word_1_103' title='bbox 361 1677 457 1754; x_wconf 88' lang='lat' dir='ltr'><strong>atque</strong></span> <span class='ocrx_word' id='word_1_104' title='bbox 478 1667 641 1756; x_wconf 79' lang='lat' dir='ltr'><strong>copiosius</strong></span> <span class='ocrx_word' id='word_1_105' title='bbox 657 1669 821 1736; x_wconf 87' lang='lat' dir='ltr'><strong>Romanus</strong></span> <span class='ocrx_word' id='word_1_106' title='bbox 849 1678 1061 1756; x_wconf 81' lang='lat' dir='ltr'><strong>exsequatur,</strong></span> <span class='ocrx_word' id='word_1_107' title='bbox 1103 1677 1140 1734; x_wconf 89' lang='lat' dir='ltr'><strong>ut</strong></span> <span class='ocrx_word' id='word_1_108' title='bbox 1160 1667 1289 1734; x_wconf 82' lang='lat' dir='ltr'><strong>utrius·</strong></span> 
     </span>
     <span class='ocr_line' id='line_1_15' title="bbox 191 1777 1289 1864; baseline 0.002 -22"><span class='ocrx_word' id='word_1_109' title='bbox 191 1799 253 1862; x_wconf 90' lang='lat' dir='ltr'><strong>que</strong></span> <span class='ocrx_word' id='word_1_110' title='bbox 276 1778 573 1864; x_wconf 72' lang='lat' dir='ltr'><strong>argumentationes</strong></span> <span class='ocrx_word' id='word_1_111' title='bbox 596 1778 729 1846; x_wconf 84' lang='lat' dir='ltr'><strong>omnino</strong></span> <span class='ocrx_word' id='word_1_112' title='bbox 752 1779 838 1850; x_wconf 85' lang='lat' dir='ltr'><strong>inter</strong></span> <span class='ocrx_word' id='word_1_113' title='bbox 861 1799 895 1849; x_wconf 78' lang='lat' dir='ltr'><strong>se</strong></span> <span class='ocrx_word' id='word_1_114' title='bbox 918 1777 1106 1846; x_wconf 89' lang='lat' dir='ltr'><strong>dissideant.</strong></span> <span class='ocrx_word' id='word_1_115' title='bbox 1149 1777 1289 1846; x_wconf 80' lang='lat' dir='ltr'><strong>Etenim</strong></span> 
     </span>
     <span class='ocr_line' id='line_1_16' title="bbox 191 1885 1288 1978; baseline -0.001 -25"><span class='ocrx_word' id='word_1_116' title='bbox 191 1909 265 1954; x_wconf 88' lang='lat' dir='ltr'><strong>curn</strong></span> <span class='ocrx_word' id='word_1_117' title='bbox 299 1885 385 1974; x_wconf 91' lang='lat' dir='ltr'><strong>apud</strong></span> <span class='ocrx_word' id='word_1_118' title='bbox 406 1885 582 1972; x_wconf 82' lang='lat' dir='ltr'><strong>Polybium</strong></span> <span class='ocrx_word' id='word_1_119' title='bbox 615 1886 762 1974; x_wconf 86' lang='lat' dir='ltr'><strong>qued.eb</strong></span> <span class='ocrx_word' id='word_1_120' title='bbox 796 1887 943 1954; x_wconf 84' lang='lat' dir='ltr'><strong>hostibus</strong></span> <span class='ocrx_word' id='word_1_121' title='bbox 965 1887 1053 1978; x_wconf 89' lang='lat' dir='ltr'><strong>capti</strong></span> <span class='ocrx_word' id='word_1_122' title='bbox 1083 1887 1148 1954; x_wconf 88' lang='lat' dir='ltr'><strong>sint</strong></span> <span class='ocrx_word' id='word_1_123' title='bbox 1179 1886 1224 1953; x_wconf 80' lang='lat' dir='ltr'><strong>in</strong></span> <span class='ocrx_word' id='word_1_124' title='bbox 1248 1909 1288 1954; x_wconf 88' lang='lat' dir='ltr'><strong>se</strong></span> 
     </span>
     <span class='ocr_line' id='line_1_17' title="bbox 191 1995 1289 2086; baseline 0.001 -25"><span class='ocrx_word' id='word_1_125' title='bbox 191 2005 349 2062; x_wconf 82' lang='lat' dir='ltr'><strong>excusent</strong></span> <span class='ocrx_word' id='word_1_126' title='bbox 379 1995 504 2080; x_wconf 63' lang='lat' dir='ltr'><strong>legati,</strong></span> <span class='ocrx_word' id='word_1_127' title='bbox 531 2005 567 2062; x_wconf 91' lang='lat' dir='ltr'><strong>ut</strong></span> <span class='ocrx_word' id='word_1_128' title='bbox 593 2019 612 2060; x_wconf 90' lang='lat' dir='ltr'><strong>a</strong></span> <span class='ocrx_word' id='word_1_129' title='bbox 641 1995 777 2061; x_wconf 88' lang='lat' dir='ltr'><strong>ducibus</strong></span> <span class='ocrx_word' id='word_1_130' title='bbox 810 1997 875 2060; x_wconf 89' lang='lat' dir='ltr'><strong>suis</strong></span> <span class='ocrx_word' id='word_1_131' title='bbox 907 1996 1289 2086; x_wconf 85' lang='lat' dir='ltr'><strong>castrorumpraesidio</strong></span> 
     </span>
     <span class='ocr_line' id='line_1_18' title="bbox 192 2104 1288 2195; baseline 0.001 -24"><span class='ocrx_word' id='word_1_132' title='bbox 192 2105 324 2172; x_wconf 89' lang='lat' dir='ltr'><strong>relictos</strong></span> <span class='ocrx_word' id='word_1_133' title='bbox 356 2127 397 2170; x_wconf 89' lang='lat' dir='ltr'><strong>se</strong></span> <span class='ocrx_word' id='word_1_134' title='bbox 426 2105 603 2174; x_wconf 81' lang='lat' dir='ltr'><strong>Hannibali</strong></span> <span class='ocrx_word' id='word_1_135' title='bbox 636 2105 753 2172; x_wconf 84' lang='lat' dir='ltr'><strong>victori</strong></span> <span class='ocrx_word' id='word_1_136' title='bbox 793 2104 913 2172; x_wconf 88' lang='lat' dir='ltr'><strong>diutius</strong></span> <span class='ocrx_word' id='word_1_137' title='bbox 949 2107 1104 2174; x_wconf 85' lang='lat' dir='ltr'><strong>resistere</strong></span> <span class='ocrx_word' id='word_1_138' title='bbox 1135 2106 1288 2195; x_wconf 89' lang='lat' dir='ltr'><strong>potuisse</strong></span> 
     </span>
    </p>
   </div>
   <div class='ocr_carea' id='block_1_6' title="bbox 191 2214 1345 2306">
    <p class='ocr_par' dir='ltr' id='par_1_6' title="bbox 191 2214 1345 2306">
     <span class='ocr_line' id='line_1_19' title="bbox 191 2214 1345 2306; baseline -0.002 -24"><span class='ocrx_word' id='word_1_139' title='bbox 191 2224 326 2302; x_wconf 80' lang='lat' dir='ltr'><strong>negent,</strong></span> <span class='ocrx_word' id='word_1_140' title='bbox 357 2214 596 2306; x_wconf 86' lang='lat' dir='ltr'><strong>apndLivium</strong></span> <span class='ocrx_word' id='word_1_141' title='bbox 616 2214 746 2280; x_wconf 85' lang='lat' dir='ltr'><strong>fortiter</strong></span> <span class='ocrx_word' id='word_1_142' title='bbox 767 2223 955 2302; x_wconf 78' lang='lat' dir='ltr'><strong>pugnantes</strong></span> <span class='ocrx_word' id='word_1_143' title='bbox 977 2214 1144 2283; x_wconf 84' lang='lat' dir='ltr'><strong>affirmant</strong></span> <span class='ocrx_word' id='word_1_144' title='bbox 1165 2236 1238 2282; x_wconf 87' lang='lat' dir='ltr'><strong>sese</strong></span> <span class='ocrx_word' id='word_1_145' title='bbox 1267 2237 1289 2280; x_wconf 92' lang='lat' dir='ltr'><strong>e</strong></span> <span class='ocrx_word' id='word_1_146' title='bbox 1337 2241 1345 2254; x_wconf 90' lang='lat'><strong>·</strong></span> 
     </span>
    </p>
   </div>
   <div class='ocr_carea' id='block_1_7' title="bbox 191 2313 1290 2628">
    <p class='ocr_par' dir='ltr' id='par_1_7' title="bbox 191 2313 1290 2628">
     <span class='ocr_line' id='line_1_20' title="bbox 191 2313 1286 2412; baseline 0.002 -24"><span class='ocrx_word' id='word_1_147' title='bbox 191 2324 317 2412; x_wconf 90' lang='lat' dir='ltr'><strong>proelio</strong></span> <span class='ocrx_word' id='word_1_148' title='bbox 346 2332 452 2389; x_wconf 84' lang='lat' dir='ltr'><strong>castra</strong></span> <span class='ocrx_word' id='word_1_149' title='bbox 472 2323 616 2411; x_wconf 87' lang='lat' dir='ltr'><strong>petiisse,</strong></span> <span class='ocrx_word' id='word_1_150' title='bbox 646 2345 752 2410; x_wconf 89' lang='lat' dir='ltr'><strong>neque</strong></span> <span class='ocrx_word' id='word_1_151' title='bbox 781 2324 874 2412; x_wconf 90' lang='lat' dir='ltr'><strong>prius</strong></span> <span class='ocrx_word' id='word_1_152' title='bbox 902 2313 1047 2390; x_wconf 83' lang='lat' dir='ltr'><strong>hostibus</strong></span> <span class='ocrx_word' id='word_1_153' title='bbox 1070 2345 1160 2391; x_wconf 86' lang='lat' dir='ltr'><strong>arma</strong></span> <span class='ocrx_word' id='word_1_154' title='bbox 1181 2323 1286 2390; x_wconf 81' lang='lat' dir='ltr'><strong>tradi-</strong></span> 
     </span>
     <span class='ocr_line' id='line_1_21' title="bbox 193 2430 1289 2520; baseline 0.001 -23"><span class='ocrx_word' id='word_1_155' title='bbox 193 2431 297 2515; x_wconf 59' lang='lat' dir='ltr'><strong>disse</strong></span> <span class='ocrx_word' id='word_1_156' title='bbox 320 2453 414 2520; x_wconf 88' lang='lat' dir='ltr'><strong>quam</strong></span> <span class='ocrx_word' id='word_1_157' title='bbox 438 2431 529 2500; x_wconf 83' lang='lat' dir='ltr'><strong>nulla</strong></span> <span class='ocrx_word' id='word_1_158' title='bbox 549 2430 698 2519; x_wconf 85' lang='lat' dir='ltr'><strong>iamper</strong></span> <span class='ocrx_word' id='word_1_159' title='bbox 725 2432 888 2498; x_wconf 83' lang='lat' dir='ltr'><strong>confertos</strong></span> <span class='ocrx_word' id='word_1_160' title='bbox 912 2453 966 2497; x_wconf 89' lang='lat' dir='ltr'><strong>eos</strong></span> <span class='ocrx_word' id='word_1_161' title='bbox 994 2431 1188 2520; x_wconf 85' lang='lat' dir='ltr'><strong>erumpendi</strong></span> <span class='ocrx_word' id='word_1_162' title='bbox 1209 2453 1289 2518; x_wconf 90' lang='lat' dir='ltr'><strong>spes</strong></span> 
     </span>
     <span class='ocr_line' id='line_1_22' title="bbox 193 2539 1290 2628; baseline -0.003 -20"><span class='ocrx_word' id='word_1_163' title='bbox 193 2551 289 2608; x_wconf 90' lang='lat' dir='ltr'><strong>esset.</strong></span> <span class='ocrx_word' id='word_1_164' title='bbox 331 2541 415 2608; x_wconf 88' lang='lat' dir='ltr'><strong>Nam</strong></span> <span class='ocrx_word' id='word_1_165' title='bbox 446 2539 534 2627; x_wconf 90' lang='lat' dir='ltr'><strong>quod</strong></span> <span class='ocrx_word' id='word_1_166' title='bbox 560 2539 595 2604; x_wconf 90' lang='lat' dir='ltr'><strong>in</strong></span> <span class='ocrx_word' id='word_1_167' title='bbox 619 2540 732 2626; x_wconf 89' lang='lat' dir='ltr'><strong>capitis</strong></span> <span class='ocrx_word' id='word_1_168' title='bbox 753 2539 837 2606; x_wconf 84' lang='lat' dir='ltr'><strong>LIX</strong></span> <span class='ocrx_word' id='word_1_169' title='bbox 865 2541 1070 2628; x_wconf 75' lang='lat' dir='ltr'><strong>paragrapho</strong></span> <span class='ocrx_word' id='word_1_170' title='bbox 1102 2539 1153 2607; x_wconf 83' lang='lat' dir='ltr'><strong>IX</strong></span> <span class='ocrx_word' id='word_1_171' title='bbox 1185 2539 1290 2606; x_wconf 82' lang='lat' dir='ltr'><strong>dicit:</strong></span> 
     </span>
    </p>
   </div>
   <div class='ocr_carea' id='block_1_8' title="bbox 195 2647 1396 2736">
    <p class='ocr_par' dir='ltr' id='par_1_8' title="bbox 195 2647 1396 2736">
     <span class='ocr_line' id='line_1_23' title="bbox 195 2647 1396 2736; baseline -0.003 -20"><span class='ocrx_word' id='word_1_172' title='bbox 195 2659 290 2736; x_wconf 69' lang='lat' dir='ltr'><strong>„sunt</strong></span> <span class='ocrx_word' id='word_1_173' title='bbox 311 2659 344 2714; x_wconf 92' lang='lat' dir='ltr'><strong>et</strong></span> <span class='ocrx_word' id='word_1_174' title='bbox 360 2647 401 2713; x_wconf 88' lang='lat' dir='ltr'><strong>dc</strong></span> <span class='ocrx_word' id='word_1_175' title='bbox 417 2647 537 2712; x_wconf 88' lang='lat' dir='ltr'><strong>nostris</strong></span> <span class='ocrx_word' id='word_1_176' title='bbox 552 2647 692 2734; x_wconf 89' lang='lat' dir='ltr'><strong>quidam,</strong></span> <span class='ocrx_word' id='word_1_177' title='bbox 715 2649 769 2736; x_wconf 91' lang='lat' dir='ltr'><strong>qui</strong></span> <span class='ocrx_word' id='word_1_178' title='bbox 790 2669 832 2712; x_wconf 91' lang='lat' dir='ltr'><strong>ne</strong></span> <span class='ocrx_word' id='word_1_179' title='bbox 849 2648 882 2714; x_wconf 91' lang='lat' dir='ltr'><strong>in</strong></span> <span class='ocrx_word' id='word_1_180' title='bbox 904 2649 974 2716; x_wconf 85' lang='lat' dir='ltr'><strong>acie</strong></span> <span class='ocrx_word' id='word_1_181' title='bbox 995 2647 1128 2734; x_wconf 82' lang='lat' dir='ltr'><strong>quidem</strong></span> <span class='ocrx_word' id='word_1_182' title='bbox 1151 2650 1288 2732; x_wconf 81' lang='lat' dir='ltr'><strong>&#39;refuge-</strong></span> <span class='ocrx_word' id='word_1_183' title='bbox 1395 2652 1396 2657; x_wconf 75' lang='grc'>’</span> 
     </span>
    </p>
   </div>
   <div class='ocr_carea' id='block_1_9' title="bbox 192 2757 1290 3170">
    <p class='ocr_par' dir='ltr' id='par_1_9' title="bbox 192 2757 1290 3170">
     <span class='ocr_line' id='line_1_24' title="bbox 197 2757 1289 2850; baseline -0.001 -25"><span class='ocrx_word' id='word_1_184' title='bbox 197 2767 284 2840; x_wconf 88' lang='lat' dir='ltr'><strong>runt,</strong></span> <span class='ocrx_word' id='word_1_185' title='bbox 320 2757 379 2824; x_wconf 86' lang='lat' dir='ltr'><strong>sed</strong></span> <span class='ocrx_word' id='word_1_186' title='bbox 412 2766 593 2825; x_wconf 89' lang='lat' dir='ltr'><strong>castrorum</strong></span> <span class='ocrx_word' id='word_1_187' title='bbox 623 2757 784 2844; x_wconf 84' lang='lat' dir='ltr'><strong>praesidio</strong></span> <span class='ocrx_word' id='word_1_188' title='bbox 806 2759 923 2843; x_wconf 89' lang='lat' dir='ltr'><strong>relicti,</strong></span> <span class='ocrx_word' id='word_1_189' title='bbox 954 2781 1030 2827; x_wconf 87' lang='lat' dir='ltr'><strong>cum</strong></span> <span class='ocrx_word' id='word_1_190' title='bbox 1051 2767 1157 2826; x_wconf 83' lang='lat' dir='ltr'><strong>castra</strong></span> <span class='ocrx_word' id='word_1_191' title='bbox 1178 2757 1289 2850; x_wconf 74' lang='lat' dir='ltr'><strong>trede-</strong></span> 
     </span>
     <span class='ocr_line' id='line_1_25' title="bbox 192 2851 1290 2955; baseline 0 -21"><span class='ocrx_word' id='word_1_192' title='bbox 192 2851 318 2950; x_wconf 84' lang='lat' dir='ltr'><strong>rentar,</strong></span> <span class='ocrx_word' id='word_1_193' title='bbox 342 2867 377 2931; x_wconf 89' lang='lat' dir='ltr'><strong>in</strong></span> <span class='ocrx_word' id='word_1_194' title='bbox 399 2866 542 2933; x_wconf 88' lang='lat' dir='ltr'><strong>hostium</strong></span> <span class='ocrx_word' id='word_1_195' title='bbox 564 2875 756 2954; x_wconf 88' lang='lat' dir='ltr'><strong>potestatem</strong></span> <span class='ocrx_word' id='word_1_196' title='bbox 778 2872 971 2949; x_wconf 85' lang='lat' dir='ltr'><strong>venerunt,“</strong></span> <span class='ocrx_word' id='word_1_197' title='bbox 996 2879 1086 2934; x_wconf 88' lang='lat' dir='ltr'><strong>certe</strong></span> <span class='ocrx_word' id='word_1_198' title='bbox 1108 2869 1149 2934; x_wconf 86' lang='lat' dir='ltr'><strong>de</strong></span> <span class='ocrx_word' id='word_1_199' title='bbox 1172 2868 1290 2955; x_wconf 79' lang='lat' dir='ltr'><strong>paucis</strong></span> 
     </span>
     <span class='ocr_line' id='line_1_26' title="bbox 195 2975 1286 3064; baseline -0.002 -22"><span class='ocrx_word' id='word_1_200' title='bbox 195 2985 245 3042; x_wconf 91' lang='lat' dir='ltr'><strong>est</strong></span> <span class='ocrx_word' id='word_1_201' title='bbox 276 2976 494 3060; x_wconf 80' lang='lat' dir='ltr'><strong>cogitandum.</strong></span> <span class='ocrx_word' id='word_1_202' title='bbox 538 2975 652 3064; x_wconf 86' lang='lat' dir='ltr'><strong>Atque</strong></span> <span class='ocrx_word' id='word_1_203' title='bbox 684 2997 757 3041; x_wconf 90' lang='lat' dir='ltr'><strong>eam</strong></span> <span class='ocrx_word' id='word_1_204' title='bbox 789 2977 922 3062; x_wconf 87' lang='lat' dir='ltr'><strong>quidem</strong></span> <span class='ocrx_word' id='word_1_205' title='bbox 955 2977 1205 3064; x_wconf 82' lang='lat' dir='ltr'><strong>discrepantiam</strong></span> <span class='ocrx_word' id='word_1_206' title='bbox 1241 2998 1286 3042; x_wconf 91' lang='lat' dir='ltr'><strong>ne</strong></span> 
     </span>
     <span class='ocr_line' id='line_1_27' title="bbox 196 3084 1289 3170; baseline 0 -20"><span class='ocrx_word' id='word_1_207' title='bbox 196 3085 268 3170; x_wconf 90' lang='lat' dir='ltr'><strong>quis</strong></span> <span class='ocrx_word' id='word_1_208' title='bbox 299 3084 432 3152; x_wconf 86' lang='lat' dir='ltr'><strong>levioris</strong></span> <span class='ocrx_word' id='word_1_209' title='bbox 454 3105 526 3152; x_wconf 89' lang='lat' dir='ltr'><strong>esse</strong></span> <span class='ocrx_word' id='word_1_210' title='bbox 548 3084 702 3151; x_wconf 86' lang='lat' dir='ltr'><strong>momenti</strong></span> <span class='ocrx_word' id='word_1_211' title='bbox 725 3084 968 3152; x_wconf 85' lang='lat' dir='ltr'><strong>existimaverit.</strong></span> <span class='ocrx_word' id='word_1_212' title='bbox 1011 3087 1094 3154; x_wconf 88' lang='lat' dir='ltr'><strong>Inde</strong></span> <span class='ocrx_word' id='word_1_213' title='bbox 1122 3084 1211 3150; x_wconf 89' lang='lat' dir='ltr'><strong>enim</strong></span> <span class='ocrx_word' id='word_1_214' title='bbox 1233 3106 1289 3170; x_wconf 91' lang='lat' dir='ltr'><strong>ap-</strong></span> 
     </span>
    </p>
   </div>
   <div class='ocr_carea' id='block_1_10' title="bbox 203 3259 397 3270">
    <p class='ocr_par' dir='ltr' id='par_1_10' title="bbox 203 3259 397 3270">
     <span class='ocr_line' id='line_1_28' title="bbox 203 3259 397 3270; baseline -0.01 -2"><span class='ocrx_word' id='word_1_215' title='bbox 203 3259 397 3270; x_wconf 61' lang='lat' dir='ltr'><em>m</em></span> 
     </span>
    </p>
   </div>
   <div class='ocr_carea' id='block_1_11' title="bbox 195 3329 1288 4177">
    <p class='ocr_par' dir='ltr' id='par_1_11' title="bbox 266 3329 992 3400">
     <span class='ocr_line' id='line_1_29' title="bbox 266 3329 992 3400; baseline -0.003 -13"><span class='ocrx_word' id='word_1_216' title='bbox 266 3333 293 3399; x_wconf 93' lang='lat'><strong>1)</strong></span> <span class='ocrx_word' id='word_1_217' title='bbox 312 3329 362 3384; x_wconf 82' lang='lat' dir='ltr'><strong>cfr.</strong></span> <span class='ocrx_word' id='word_1_218' title='bbox 379 3331 536 3384; x_wconf 88' lang='lat' dir='ltr'><strong>Mommsen</strong></span> <span class='ocrx_word' id='word_1_219' title='bbox 555 3329 588 3384; x_wconf 86' lang='lat' dir='ltr'><strong>R.</strong></span> <span class='ocrx_word' id='word_1_220' title='bbox 608 3331 646 3384; x_wconf 86' lang='lat' dir='ltr'><strong>M.</strong></span> <span class='ocrx_word' id='word_1_221' title='bbox 666 3333 718 3388; x_wconf 85' lang='lat'><strong>343</strong></span> <span class='ocrx_word' id='word_1_222' title='bbox 735 3347 783 3400; x_wconf 87' lang='lat' dir='ltr'><strong>pp.</strong></span> <span class='ocrx_word' id='word_1_223' title='bbox 800 3331 834 3386; x_wconf 84' lang='lat' dir='ltr'><strong>N.</strong></span> <span class='ocrx_word' id='word_1_224' title='bbox 852 3333 913 3386; x_wconf 84' lang='grc'><strong>149.</strong></span> <span class='ocrx_word' id='word_1_225' title='bbox 934 3334 992 3386; x_wconf 80' lang='grc'><strong>150.</strong></span> 
     </span>
    </p>

    <p class='ocr_par' dir='ltr' id='par_1_12' title="bbox 195 3425 1288 4177">
     <span class='ocr_line' id='line_1_30' title="bbox 267 3425 1287 3498; baseline 0.004 -18"><span class='ocrx_word' id='word_1_226' title='bbox 267 3429 293 3494; x_wconf 70' lang='lat' dir='ltr'><strong>t)</strong></span> <span class='ocrx_word' id='word_1_227' title='bbox 315 3426 445 3482; x_wconf 77' lang='lat' dir='ltr'><strong>Ueterum</strong></span> <span class='ocrx_word' id='word_1_228' title='bbox 464 3427 633 3482; x_wconf 86' lang='lat' dir='ltr'><strong>monendum</strong></span> <span class='ocrx_word' id='word_1_229' title='bbox 650 3426 762 3482; x_wconf 84' lang='lat' dir='ltr'><strong>videtur</strong></span> <span class='ocrx_word' id='word_1_230' title='bbox 780 3444 936 3498; x_wconf 74' lang='lat' dir='ltr'><strong>repugnare</strong></span> <span class='ocrx_word' id='word_1_231' title='bbox 954 3429 996 3482; x_wconf 90' lang='lat' dir='ltr'><strong>his</strong></span> <span class='ocrx_word' id='word_1_232' title='bbox 1013 3425 1136 3483; x_wconf 73' lang='lat' dir='ltr'><strong>Liuianis</strong></span> <span class='ocrx_word' id='word_1_233' title='bbox 1155 3443 1195 3492; x_wconf 91' lang='lat' dir='ltr'><strong>ea,</strong></span> <span class='ocrx_word' id='word_1_234' title='bbox 1216 3445 1287 3497; x_wconf 86' lang='lat' dir='ltr'><strong>quae</strong></span> 
     </span>
     <span class='ocr_line' id='line_1_31' title="bbox 195 3523 1286 3596; baseline 0 -16"><span class='ocrx_word' id='word_1_235' title='bbox 195 3525 308 3596; x_wconf 90' lang='lat' dir='ltr'><strong>ipsein</strong></span> <span class='ocrx_word' id='word_1_236' title='bbox 333 3524 432 3594; x_wconf 89' lang='lat' dir='ltr'><strong>capitis</strong></span> <span class='ocrx_word' id='word_1_237' title='bbox 457 3523 508 3578; x_wconf 87' lang='lat' dir='ltr'><strong>LII</strong></span> <span class='ocrx_word' id='word_1_238' title='bbox 529 3523 706 3596; x_wconf 78' lang='lat' dir='ltr'><strong>paragrapho</strong></span> <span class='ocrx_word' id='word_1_239' title='bbox 725 3524 765 3578; x_wconf 91' lang='lat' dir='ltr'><strong>III</strong></span> <span class='ocrx_word' id='word_1_240' title='bbox 789 3524 915 3594; x_wconf 86' lang='lat' dir='ltr'><strong>scripsit:</strong></span> <span class='ocrx_word' id='word_1_241' title='bbox 941 3525 1074 3596; x_wconf 68' lang='lat' dir='ltr'><strong>partiat</strong></span> <span class='ocrx_word' id='word_1_242' title='bbox 1098 3541 1175 3582; x_wconf 86' lang='lat' dir='ltr'><strong>arma</strong></span> <span class='ocrx_word' id='word_1_243' title='bbox 1199 3527 1286 3593; x_wconf 88' lang='lat' dir='ltr'><strong>atque</strong></span> 
     </span>
     <span class='ocr_line' id='line_1_32' title="bbox 198 3621 1288 3694; baseline -0.003 -15"><span class='ocrx_word' id='word_1_244' title='bbox 198 3638 282 3690; x_wconf 87' lang='lat' dir='ltr'><strong>equos</strong></span> <span class='ocrx_word' id='word_1_245' title='bbox 304 3621 454 3676; x_wconf 82' lang='lat' dir='ltr'><strong>traderent</strong></span> <span class='ocrx_word' id='word_1_246' title='bbox 476 3621 506 3674; x_wconf 91' lang='lat' dir='ltr'><strong>in</strong></span> <span class='ocrx_word' id='word_1_247' title='bbox 523 3621 614 3692; x_wconf 89' lang='lat' dir='ltr'><strong>capita</strong></span> <span class='ocrx_word' id='word_1_248' title='bbox 631 3621 756 3676; x_wconf 88' lang='lat' dir='ltr'><strong>Romana</strong></span> <span class='ocrx_word' id='word_1_249' title='bbox 774 3622 894 3683; x_wconf 77' lang='lat' dir='ltr'><strong>trecenis</strong></span> <span class='ocrx_word' id='word_1_250' title='bbox 921 3622 1092 3694; x_wconf 82' lang='lat' dir='ltr'><strong>quadrigatis</strong></span> <span class='ocrx_word' id='word_1_251' title='bbox 1119 3621 1239 3676; x_wconf 88' lang='lat' dir='ltr'><strong>nummis</strong></span> <span class='ocrx_word' id='word_1_252' title='bbox 1257 3623 1288 3676; x_wconf 90' lang='lat' dir='ltr'><strong>in</strong></span> 
     </span>
     <span class='ocr_line' id='line_1_33' title="bbox 198 3717 1287 3790; baseline 0.004 -18"><span class='ocrx_word' id='word_1_253' title='bbox 198 3718 287 3772; x_wconf 90' lang='lat' dir='ltr'><strong>socios</strong></span> <span class='ocrx_word' id='word_1_254' title='bbox 307 3717 428 3784; x_wconf 88' lang='lat' dir='ltr'><strong>ducenis,</strong></span> <span class='ocrx_word' id='word_1_255' title='bbox 446 3717 475 3771; x_wconf 91' lang='lat' dir='ltr'><strong>in</strong></span> <span class='ocrx_word' id='word_1_256' title='bbox 494 3734 590 3772; x_wconf 88' lang='lat' dir='ltr'><strong>servos</strong></span> <span class='ocrx_word' id='word_1_257' title='bbox 608 3720 739 3774; x_wconf 87' lang='lat' dir='ltr'><strong>centenis.</strong></span> <span class='ocrx_word' id='word_1_258' title='bbox 775 3719 846 3772; x_wconf 86' lang='lat' dir='ltr'><strong>Nam</strong></span> <span class='ocrx_word' id='word_1_259' title='bbox 869 3719 936 3773; x_wconf 90' lang='lat' dir='ltr'><strong>licet</strong></span> <span class='ocrx_word' id='word_1_260' title='bbox 963 3719 1100 3790; x_wconf 86' lang='lat' dir='ltr'><strong>expressis</strong></span> <span class='ocrx_word' id='word_1_261' title='bbox 1124 3719 1199 3774; x_wconf 86' lang='lat' dir='ltr'><strong>dicat</strong></span> <span class='ocrx_word' id='word_1_262' title='bbox 1223 3736 1287 3776; x_wconf 72' lang='lat' dir='ltr'><strong>rer-</strong></span> 
     </span>
     <span class='ocr_line' id='line_1_34' title="bbox 198 3813 1287 3886; baseline -0.001 -15"><span class='ocrx_word' id='word_1_263' title='bbox 198 3817 251 3885; x_wconf 90' lang='lat' dir='ltr'><strong>bis,</strong></span> <span class='ocrx_word' id='word_1_264' title='bbox 269 3813 391 3885; x_wconf 87' lang='lat' dir='ltr'><strong>pretium</strong></span> <span class='ocrx_word' id='word_1_265' title='bbox 409 3815 483 3883; x_wconf 90' lang='lat' dir='ltr'><strong>quod</strong></span> <span class='ocrx_word' id='word_1_266' title='bbox 502 3833 530 3869; x_wconf 89' lang='lat' dir='ltr'><strong>se</strong></span> <span class='ocrx_word' id='word_1_267' title='bbox 551 3815 684 3870; x_wconf 87' lang='lat' dir='ltr'><strong>dedentes</strong></span> <span class='ocrx_word' id='word_1_268' title='bbox 702 3815 868 3886; x_wconf 81' lang='lat' dir='ltr'><strong>pepigerant</strong></span> <span class='ocrx_word' id='word_1_269' title='bbox 886 3815 1035 3871; x_wconf 89' lang='lat' dir='ltr'><strong>adauctum</strong></span> <span class='ocrx_word' id='word_1_270' title='bbox 1058 3831 1118 3870; x_wconf 88' lang='lat' dir='ltr'><strong>esse</strong></span> <span class='ocrx_word' id='word_1_271' title='bbox 1137 3814 1287 3886; x_wconf 86' lang='lat' dir='ltr'><strong>equitibus,</strong></span> 
     </span>
     <span class='ocr_line' id='line_1_35' title="bbox 199 3909 1287 3981; baseline 0.002 -15"><span class='ocrx_word' id='word_1_272' title='bbox 199 3915 292 3966; x_wconf 88' lang='lat' dir='ltr'><strong>tamen</strong></span> <span class='ocrx_word' id='word_1_273' title='bbox 310 3909 385 3981; x_wconf 85' lang='lat' dir='ltr'><strong>quod</strong></span> <span class='ocrx_word' id='word_1_274' title='bbox 403 3909 515 3965; x_wconf 89' lang='lat' dir='ltr'><strong>silentio</strong></span> <span class='ocrx_word' id='word_1_275' title='bbox 535 3911 691 3981; x_wconf 88' lang='lat' dir='ltr'><strong>praeteriit,</strong></span> <span class='ocrx_word' id='word_1_276' title='bbox 722 3911 905 3967; x_wconf 88' lang='lat' dir='ltr'><strong>Hannibalem</strong></span> <span class='ocrx_word' id='word_1_277' title='bbox 930 3912 1014 3967; x_wconf 91' lang='lat' dir='ltr'><strong>etiam</strong></span> <span class='ocrx_word' id='word_1_278' title='bbox 1033 3912 1068 3966; x_wconf 89' lang='lat' dir='ltr'><strong>dc</strong></span> <span class='ocrx_word' id='word_1_279' title='bbox 1086 3912 1168 3966; x_wconf 90' lang='lat' dir='ltr'><strong>sociis</strong></span> <span class='ocrx_word' id='word_1_280' title='bbox 1186 3910 1287 3968; x_wconf 86' lang='lat' dir='ltr'><strong>Roma·</strong></span> 
     </span>
     <span class='ocr_line' id='line_1_36' title="bbox 200 4006 1285 4078; baseline 0 -16"><span class='ocrx_word' id='word_1_281' title='bbox 200 4007 253 4074; x_wconf 89' lang='lat' dir='ltr'><strong>nis,</strong></span> <span class='ocrx_word' id='word_1_282' title='bbox 273 4006 349 4077; x_wconf 88' lang='lat' dir='ltr'><strong>quod</strong></span> <span class='ocrx_word' id='word_1_283' title='bbox 367 4010 563 4061; x_wconf 82' lang='lat' dir='ltr'><strong>eorumerant</strong></span> <span class='ocrx_word' id='word_1_284' title='bbox 582 4007 687 4078; x_wconf 89' lang='lat' dir='ltr'><strong>captivi</strong></span> <span class='ocrx_word' id='word_1_285' title='bbox 703 4007 849 4062; x_wconf 88' lang='lat' dir='ltr'><strong>consilium</strong></span> <span class='ocrx_word' id='word_1_286' title='bbox 867 4025 946 4067; x_wconf 87' lang='lat' dir='ltr'><strong>suum</strong></span> <span class='ocrx_word' id='word_1_287' title='bbox 963 4012 1093 4074; x_wconf 81' lang='lat' dir='ltr'><strong>mutasse,</strong></span> <span class='ocrx_word' id='word_1_288' title='bbox 1117 4011 1174 4064; x_wconf 84' lang='lat' dir='ltr'><strong>nori</strong></span> <span class='ocrx_word' id='word_1_289' title='bbox 1189 4009 1285 4064; x_wconf 88' lang='lat' dir='ltr'><strong>memi-</strong></span> 
     </span>
     <span class='ocr_line' id='line_1_37' title="bbox 198 4099 1059 4177; baseline -0.002 -15"><span class='ocrx_word' id='word_1_290' title='bbox 198 4103 274 4162; x_wconf 85' lang='lat' dir='ltr'><strong>nisse</strong></span> <span class='ocrx_word' id='word_1_291' title='bbox 293 4103 413 4168; x_wconf 81' lang='lat' dir='ltr'><strong>videtur‚</strong></span> <span class='ocrx_word' id='word_1_292' title='bbox 433 4122 502 4177; x_wconf 89' lang='lat' dir='ltr'><strong>qnae</strong></span> <span class='ocrx_word' id='word_1_293' title='bbox 518 4099 609 4177; x_wconf 89' lang='lat' dir='ltr'><strong>priori</strong></span> <span class='ocrx_word' id='word_1_294' title='bbox 624 4104 674 4159; x_wconf 92' lang='lat' dir='ltr'><strong>illo</strong></span> <span class='ocrx_word' id='word_1_295' title='bbox 692 4105 753 4160; x_wconf 91' lang='lat' dir='ltr'><strong>loco</strong></span> <span class='ocrx_word' id='word_1_296' title='bbox 771 4103 806 4159; x_wconf 89' lang='lat' dir='ltr'><strong>de</strong></span> <span class='ocrx_word' id='word_1_297' title='bbox 824 4105 864 4159; x_wconf 92' lang='lat' dir='ltr'><strong>eis</strong></span> <span class='ocrx_word' id='word_1_298' title='bbox 881 4106 1059 4162; x_wconf 87' lang='lat' dir='ltr'><strong>nuntiaverit.</strong></span> 
     </span>
    </p>
   </div>
   <div class='ocr_carea' id='block_1_12' title="bbox 0 0 1431 4608">
    <p class='ocr_par' dir='ltr' id='par_1_13' title="bbox 0 0 1431 4608">
     <span class='ocr_line' id='line_1_38' title="bbox 0 0 1431 4608; baseline 0 0"><span class='ocrx_word' id='word_1_299' title='bbox 0 0 1431 4608; x_wconf 95' lang='lat' dir='ltr'><strong> </strong></span> 
     </span>
    </p>
   </div>
  </div>
 </body>
</html>
